<?xml version="1.0" encoding="UTF-8"?>
<!DOCTYPE html PUBLIC "-//W3C//DTD XHTML 1.0 Transitional//EN"
    "http://www.w3.org/TR/xhtml1/DTD/xhtml1-transitional.dtd">
<html xmlns="http://www.w3.org/1999/xhtml" xml:lang="en" lang="en">
 <head>
  <title>
</title>
<meta http-equiv="Content-Type" content="text/html;charset=utf-8" />
  <meta name='ocr-system' content='tesseract 3.04.00' />
  <meta name='ocr-capabilities' content='ocr_page ocr_carea ocr_par ocr_line ocrx_word'/>
</head>
<body>
  <div class='ocr_page' id='page_1' title='image "a603693804perruoft_0303.png"; bbox 0 0 2534 4088; ppageno 0'>
   <div class='ocr_carea' id='block_1_1' title="bbox 316 132 1963 175">
    <p class='ocr_par' dir='ltr' id='par_1_1' title="bbox 316 132 1963 175">
     <span class='ocr_line' id='line_1_1' title="bbox 316 132 1963 175; baseline 0.003 -5"><span class='ocrx_word' id='word_1_1' title='bbox 316 133 474 174; x_wconf 80' lang='lat' dir='ltr'><strong>PAR&#39;r.</strong></span> <span class='ocrx_word' id='word_1_2' title='bbox 502 135 568 172; x_wconf 92' lang='lat'><strong>11.</strong></span> <span class='ocrx_word' id='word_1_3' title='bbox 593 135 716 172; x_wconf 79' lang='lat' dir='ltr'><strong>CAP.</strong></span> <span class='ocrx_word' id='word_1_4' title='bbox 752 134 834 173; x_wconf 85' lang='lat' dir='ltr'><strong>lv.</strong></span> <span class='ocrx_word' id='word_1_5' title='bbox 869 134 936 170; x_wconf 76' lang='grc' dir='ltr'><strong>ΒΕ</strong></span> <span class='ocrx_word' id='word_1_6' title='bbox 960 132 1216 172; x_wconf 81' lang='lat' dir='ltr'><strong>COMMUN.</strong></span> <span class='ocrx_word' id='word_1_7' title='bbox 1249 134 1431 172; x_wconf 76' lang='lat' dir='ltr'><strong>lmom.</strong></span> <span class='ocrx_word' id='word_1_8' title='bbox 1465 136 1531 172; x_wconf 84' lang='grc' dir='ltr'><strong>ΕΤ</strong></span> <span class='ocrx_word' id='word_1_9' title='bbox 1560 133 1796 174; x_wconf 76' lang='lat' dir='ltr'><strong>ADORAT.</strong></span> <span class='ocrx_word' id='word_1_10' title='bbox 1833 138 1880 174; x_wconf 78' lang='lat' dir='ltr'><strong>J·</strong></span> <span class='ocrx_word' id='word_1_11' title='bbox 1912 138 1963 175; x_wconf 80' lang='lat' dir='ltr'><strong>G·</strong></span> 
     </span>
    </p>
   </div>
   <div class='ocr_carea' id='block_1_2' title="bbox 2079 115 2201 176">
    <p class='ocr_par' dir='ltr' id='par_1_2' title="bbox 2079 115 2201 176">
     <span class='ocr_line' id='line_1_2' title="bbox 2079 115 2201 176; baseline -0.016 0"><span class='ocrx_word' id='word_1_12' title='bbox 2079 115 2201 176; x_wconf 73' lang='lat'><strong>295</strong></span> 
     </span>
    </p>
   </div>
   <div class='ocr_carea' id='block_1_3' title="bbox 88 279 2206 1309">
    <p class='ocr_par' dir='ltr' id='par_1_3' title="bbox 88 279 2206 1309">
     <span class='ocr_line' id='line_1_3' title="bbox 92 279 2205 365; baseline 0.001 -25"><span class='ocrx_word' id='word_1_13' title='bbox 92 281 380 362; x_wconf 59' lang='lat' dir='ltr'><strong>perverti.</strong></span> <span class='ocrx_word' id='word_1_14' title='bbox 411 291 718 361; x_wconf 90' lang='lat' dir='ltr'><strong>totumque</strong></span> <span class='ocrx_word' id='word_1_15' title='bbox 742 279 1133 358; x_wconf 82' lang='lat' dir='ltr'><strong>irrigatorium</strong></span> <span class='ocrx_word' id='word_1_16' title='bbox 1162 290 1410 361; x_wconf 80' lang='lat' dir='ltr'><strong>systema</strong></span> <span class='ocrx_word' id='word_1_17' title='bbox 1439 281 1770 363; x_wconf 85' lang='lat' dir='ltr'><strong>perturbari</strong></span> <span class='ocrx_word' id='word_1_18' title='bbox 1805 282 1928 363; x_wconf 78' lang='lat' dir='ltr'><strong>(l)3</strong></span> <span class='ocrx_word' id='word_1_19' title='bbox 1958 283 2117 365; x_wconf 89' lang='lat' dir='ltr'><strong>quod</strong></span> <span class='ocrx_word' id='word_1_20' title='bbox 2158 286 2205 343; x_wconf 90' lang='lat' dir='ltr'><strong>si</strong></span> 
     </span>
     <span class='ocr_line' id='line_1_4' title="bbox 90 375 2204 458; baseline 0.001 -24"><span class='ocrx_word' id='word_1_21' title='bbox 90 376 364 458; x_wconf 88' lang='lat' dir='ltr'><strong>pathema</strong></span> <span class='ocrx_word' id='word_1_22' title='bbox 398 375 717 451; x_wconf 85' lang='lat' dir='ltr'><strong>vehemens</strong></span> <span class='ocrx_word' id='word_1_23' title='bbox 744 385 803 434; x_wconf 91' lang='lat' dir='ltr'><strong>et</strong></span> <span class='ocrx_word' id='word_1_24' title='bbox 839 386 1109 433; x_wconf 86' lang='lat' dir='ltr'><strong>constans</strong></span> <span class='ocrx_word' id='word_1_25' title='bbox 1140 375 1349 450; x_wconf 71' lang='lat' dir='ltr'><strong>fuerit,</strong></span> <span class='ocrx_word' id='word_1_26' title='bbox 1382 375 1715 436; x_wconf 82' lang='lat' dir='ltr'><strong>morbosam</strong></span> <span class='ocrx_word' id='word_1_27' title='bbox 1740 377 2107 439; x_wconf 90' lang='lat' dir='ltr'><strong>affectionem</strong></span> <span class='ocrx_word' id='word_1_28' title='bbox 2143 392 2204 439; x_wconf 86' lang='lat' dir='ltr'><strong>et</strong></span> 
     </span>
     <span class='ocr_line' id='line_1_5' title="bbox 92 469 2205 556; baseline 0.002 -28"><span class='ocrx_word' id='word_1_29' title='bbox 92 472 423 550; x_wconf 82' lang='lat' dir='ltr'><strong>organicum</strong></span> <span class='ocrx_word' id='word_1_30' title='bbox 449 469 745 529; x_wconf 89' lang='lat' dir='ltr'><strong>interdum</strong></span> <span class='ocrx_word' id='word_1_31' title='bbox 774 470 984 530; x_wconf 83' lang='lat' dir='ltr'><strong>vitium</strong></span> <span class='ocrx_word' id='word_1_32' title='bbox 1008 470 1072 528; x_wconf 90' lang='lat' dir='ltr'><strong>in</strong></span> <span class='ocrx_word' id='word_1_33' title='bbox 1102 469 1275 530; x_wconf 89' lang='lat' dir='ltr'><strong>corde</strong></span> <span class='ocrx_word' id='word_1_34' title='bbox 1299 471 1663 551; x_wconf 70' lang='lat' dir='ltr'><strong>ingenerari,</strong></span> <span class='ocrx_word' id='word_1_35' title='bbox 1695 473 2043 556; x_wconf 82' lang='lat' dir='ltr'>quandoque</span> <span class='ocrx_word' id='word_1_36' title='bbox 2069 496 2205 536; x_wconf 90' lang='lat' dir='ltr'><strong>vero</strong></span> 
     </span>
     <span class='ocr_line' id='line_1_6' title="bbox 92 563 2202 648; baseline 0.001 -23"><span class='ocrx_word' id='word_1_37' title='bbox 92 577 150 626; x_wconf 86' lang='lat' dir='ltr'><strong>et</strong></span> <span class='ocrx_word' id='word_1_38' title='bbox 185 578 436 625; x_wconf 89' lang='lat' dir='ltr'><strong>mortem</strong></span> <span class='ocrx_word' id='word_1_39' title='bbox 470 566 688 646; x_wconf 64' lang='lat' dir='ltr'><strong>ipsam.</strong></span> <span class='ocrx_word' id='word_1_40' title='bbox 721 576 788 623; x_wconf 92' lang='lat' dir='ltr'><strong>ut</strong></span> <span class='ocrx_word' id='word_1_41' title='bbox 820 587 923 623; x_wconf 91' lang='lat' dir='ltr'><strong>suo</strong></span> <span class='ocrx_word' id='word_1_42' title='bbox 958 564 1084 624; x_wconf 90' lang='lat' dir='ltr'><strong>loco</strong></span> <span class='ocrx_word' id='word_1_43' title='bbox 1125 563 1420 646; x_wconf 83' lang='lat' dir='ltr'><strong>pathologi</strong></span> <span class='ocrx_word' id='word_1_44' title='bbox 1457 565 1667 624; x_wconf 84' lang='lat' dir='ltr'>docent</span> <span class='ocrx_word' id='word_1_45' title='bbox 1698 568 1806 648; x_wconf 79' lang='lat'><strong>(2).</strong></span> <span class='ocrx_word' id='word_1_46' title='bbox 1844 569 1979 628; x_wconf 85' lang='lat' dir='ltr'><strong>Haec</strong></span> <span class='ocrx_word' id='word_1_47' title='bbox 2008 580 2202 628; x_wconf 85' lang='lat' dir='ltr'><strong>autem</strong></span> 
     </span>
     <span class='ocr_line' id='line_1_7' title="bbox 90 658 2206 742; baseline 0.002 -23"><span class='ocrx_word' id='word_1_48' title='bbox 90 660 316 742; x_wconf 89' lang='lat' dir='ltr'><strong>aliaque</strong></span> <span class='ocrx_word' id='word_1_49' title='bbox 347 682 467 718; x_wconf 88' lang='lat' dir='ltr'><strong>non</strong></span> <span class='ocrx_word' id='word_1_50' title='bbox 505 681 688 741; x_wconf 89' lang='lat' dir='ltr'><strong>pauca</strong></span> <span class='ocrx_word' id='word_1_51' title='bbox 731 659 994 719; x_wconf 90' lang='lat' dir='ltr'><strong>consulto</strong></span> <span class='ocrx_word' id='word_1_52' title='bbox 1025 682 1056 718; x_wconf 88' lang='lat' dir='ltr'><strong>a</strong></span> <span class='ocrx_word' id='word_1_53' title='bbox 1088 658 1260 718; x_wconf 91' lang='lat' dir='ltr'><strong>nobis</strong></span> <span class='ocrx_word' id='word_1_54' title='bbox 1288 660 1674 741; x_wconf 70' lang='lat' dir='ltr'><strong>praetermissa</strong></span> <span class='ocrx_word' id='word_1_55' title='bbox 1700 706 1716 735; x_wconf 81' lang='grc'><strong>.,</strong></span> <span class='ocrx_word' id='word_1_56' title='bbox 1752 683 1828 722; x_wconf 94' lang='lat' dir='ltr'><strong>ne</strong></span> <span class='ocrx_word' id='word_1_57' title='bbox 1852 664 1915 721; x_wconf 87' lang='lat' dir='ltr'><strong>in</strong></span> <span class='ocrx_word' id='word_1_58' title='bbox 1947 663 2206 723; x_wconf 83' lang='lat' dir='ltr'><strong>alienam</strong></span> 
     </span>
     <span class='ocr_line' id='line_1_8' title="bbox 88 752 2200 838; baseline 0.002 -26"><span class='ocrx_word' id='word_1_59' title='bbox 88 755 448 836; x_wconf 88' lang='lat' dir='ltr'><strong>provinciam</strong></span> <span class='ocrx_word' id='word_1_60' title='bbox 473 776 777 814; x_wconf 76' lang='lat' dir='ltr'>excurrere</span> <span class='ocrx_word' id='word_1_61' title='bbox 801 753 1107 814; x_wconf 86' lang='lat' dir='ltr'><strong>videamur</strong></span> <span class='ocrx_word' id='word_1_62' title='bbox 1127 798 1143 828; x_wconf 73' lang='grc'><em>,</em></span> <span class='ocrx_word' id='word_1_63' title='bbox 1169 753 1244 812; x_wconf 93' lang='lat' dir='ltr'><strong>ad</strong></span> <span class='ocrx_word' id='word_1_64' title='bbox 1267 752 1602 832; x_wconf 81' lang='lat' dir='ltr'><strong>theologum</strong></span> <span class='ocrx_word' id='word_1_65' title='bbox 1626 777 1747 814; x_wconf 92' lang='lat' dir='ltr'><strong>non</strong></span> <span class='ocrx_word' id='word_1_66' title='bbox 1770 758 2163 838; x_wconf 84' lang='lat' dir='ltr'>pertinentem</span> <span class='ocrx_word' id='word_1_67' title='bbox 2184 804 2200 832; x_wconf 71' lang='grc'><em>,</em></span> 
     </span>
     <span class='ocr_line' id='line_1_9' title="bbox 89 845 2204 930; baseline 0.002 -23"><span class='ocrx_word' id='word_1_68' title='bbox 89 860 148 907; x_wconf 90' lang='lat' dir='ltr'><strong>et</strong></span> <span class='ocrx_word' id='word_1_69' title='bbox 176 870 208 907; x_wconf 90' lang='lat' dir='ltr'><strong>a</strong></span> <span class='ocrx_word' id='word_1_70' title='bbox 236 871 349 930; x_wconf 91' lang='lat' dir='ltr'><strong>qua</strong></span> <span class='ocrx_word' id='word_1_71' title='bbox 375 895 390 925; x_wconf 65' lang='lat'><em>7</em></span> <span class='ocrx_word' id='word_1_72' title='bbox 422 861 488 907; x_wconf 87' lang='lat' dir='ltr'><strong>ut</strong></span> <span class='ocrx_word' id='word_1_73' title='bbox 512 849 762 907; x_wconf 84' lang='lat' dir='ltr'><strong>diximus</strong></span> <span class='ocrx_word' id='word_1_74' title='bbox 781 895 797 923; x_wconf 61' lang='lat'><em>7</em></span> <span class='ocrx_word' id='word_1_75' title='bbox 829 848 1017 908; x_wconf 88' lang='lat' dir='ltr'><strong>cultus</strong></span> <span class='ocrx_word' id='word_1_76' title='bbox 1043 849 1152 907; x_wconf 85' lang='lat' dir='ltr'><strong>iste</strong></span> <span class='ocrx_word' id='word_1_77' title='bbox 1180 845 1347 905; x_wconf 88' lang='lat' dir='ltr'><strong>nullo</strong></span> <span class='ocrx_word' id='word_1_78' title='bbox 1381 847 1558 906; x_wconf 87' lang='lat' dir='ltr'><strong>modo</strong></span> <span class='ocrx_word' id='word_1_79' title='bbox 1591 849 1811 930; x_wconf 84' lang='lat' dir='ltr'>pendet</span> <span class='ocrx_word' id='word_1_80' title='bbox 1829 896 1845 925; x_wconf 79' lang='lat'>‚</span> <span class='ocrx_word' id='word_1_81' title='bbox 1882 853 2017 911; x_wconf 88' lang='lat' dir='ltr'><strong>satis</strong></span> <span class='ocrx_word' id='word_1_82' title='bbox 2043 853 2204 914; x_wconf 87' lang='lat' dir='ltr'><strong>evin-</strong></span> 
     </span>
     <span class='ocr_line' id='line_1_10' title="bbox 90 942 2204 1027; baseline 0.002 -25"><span class='ocrx_word' id='word_1_83' title='bbox 90 956 231 1002; x_wconf 87' lang='lat' dir='ltr'><strong>cunt</strong></span> <span class='ocrx_word' id='word_1_84' title='bbox 257 989 272 1018; x_wconf 78' lang='grc'><em>,</em></span> <span class='ocrx_word' id='word_1_85' title='bbox 321 966 419 1019; x_wconf 88' lang='lat' dir='ltr'><strong>cor</strong></span> <span class='ocrx_word' id='word_1_86' title='bbox 467 944 646 1002; x_wconf 88' lang='lat' dir='ltr'><strong>animi</strong></span> <span class='ocrx_word' id='word_1_87' title='bbox 690 942 1092 1003; x_wconf 87' lang='lat' dir='ltr'><strong>affectionibus</strong></span> <span class='ocrx_word' id='word_1_88' title='bbox 1136 943 1389 1000; x_wconf 83' lang='lat' dir='ltr'><strong>maxime</strong></span> <span class='ocrx_word' id='word_1_89' title='bbox 1435 942 1583 1001; x_wconf 87' lang='lat' dir='ltr'><strong>affici</strong></span> <span class='ocrx_word' id='word_1_90' title='bbox 1622 964 1690 1003; x_wconf 90' lang='lat' dir='ltr'><strong>eo</strong></span> <span class='ocrx_word' id='word_1_91' title='bbox 1726 947 1892 1026; x_wconf 68' lang='lat' dir='ltr'><strong>ipso,</strong></span> <span class='ocrx_word' id='word_1_92' title='bbox 1949 947 2107 1027; x_wconf 88' lang='lat' dir='ltr'><strong>quod</strong></span> <span class='ocrx_word' id='word_1_93' title='bbox 2141 948 2204 1007; x_wconf 86' lang='lat' dir='ltr'><strong>in</strong></span> 
     </span>
     <span class='ocr_line' id='line_1_11' title="bbox 89 1035 2203 1119; baseline 0.002 -23"><span class='ocrx_word' id='word_1_94' title='bbox 89 1060 308 1098; x_wconf 88' lang='lat' dir='ltr'><strong>nerveo</strong></span> <span class='ocrx_word' id='word_1_95' title='bbox 344 1049 655 1119; x_wconf 77' lang='lat' dir='ltr'><strong>systemate</strong></span> <span class='ocrx_word' id='word_1_96' title='bbox 699 1036 1099 1097; x_wconf 84' lang='lat' dir='ltr'><strong>sensitivitatis</strong></span> <span class='ocrx_word' id='word_1_97' title='bbox 1142 1046 1202 1094; x_wconf 88' lang='lat' dir='ltr'><strong>et</strong></span> <span class='ocrx_word' id='word_1_98' title='bbox 1241 1035 1613 1095; x_wconf 88' lang='lat' dir='ltr'><strong>affectionum</strong></span> <span class='ocrx_word' id='word_1_99' title='bbox 1656 1037 1820 1098; x_wconf 90' lang='lat' dir='ltr'><strong>sedes</strong></span> <span class='ocrx_word' id='word_1_100' title='bbox 1861 1038 2203 1116; x_wconf 73' lang='lat' dir='ltr'><strong>collocatur,</strong></span> 
     </span>
     <span class='ocr_line' id='line_1_12' title="bbox 90 1130 2206 1215; baseline 0.001 -24"><span class='ocrx_word' id='word_1_101' title='bbox 90 1154 153 1191; x_wconf 86' lang='lat' dir='ltr'><strong>ac</strong></span> <span class='ocrx_word' id='word_1_102' title='bbox 190 1132 297 1191; x_wconf 89' lang='lat' dir='ltr'><strong>sub</strong></span> <span class='ocrx_word' id='word_1_103' title='bbox 331 1133 440 1192; x_wconf 88' lang='lat' dir='ltr'><strong>hoc</strong></span> <span class='ocrx_word' id='word_1_104' title='bbox 466 1144 732 1215; x_wconf 88' lang='lat' dir='ltr'><strong>respectu</strong></span> <span class='ocrx_word' id='word_1_105' title='bbox 761 1151 896 1192; x_wconf 89' lang='lat' dir='ltr'><strong>vere</strong></span> <span class='ocrx_word' id='word_1_106' title='bbox 942 1151 1038 1189; x_wconf 92' lang='lat' dir='ltr'><strong>cor</strong></span> <span class='ocrx_word' id='word_1_107' title='bbox 1075 1130 1187 1189; x_wconf 90' lang='lat' dir='ltr'><strong>dici</strong></span> <span class='ocrx_word' id='word_1_108' title='bbox 1223 1142 1282 1189; x_wconf 91' lang='lat' dir='ltr'><strong>et</strong></span> <span class='ocrx_word' id='word_1_109' title='bbox 1316 1152 1439 1190; x_wconf 90' lang='lat' dir='ltr'><strong>esse</strong></span> <span class='ocrx_word' id='word_1_110' title='bbox 1477 1131 1792 1193; x_wconf 87' lang='lat' dir='ltr'><strong>affectuum</strong></span> <span class='ocrx_word' id='word_1_111' title='bbox 1832 1154 2114 1214; x_wconf 85' lang='lat' dir='ltr'><strong>organum</strong></span> <span class='ocrx_word' id='word_1_112' title='bbox 2147 1148 2206 1196; x_wconf 91' lang='lat' dir='ltr'><strong>et</strong></span> 
     </span>
     <span class='ocr_line' id='line_1_13' title="bbox 88 1223 1576 1309; baseline -0.001 -23"><span class='ocrx_word' id='word_1_113' title='bbox 88 1228 547 1288; x_wconf 84' lang='lat' dir='ltr'><strong>instrumentum</strong></span> <span class='ocrx_word' id='word_1_114' title='bbox 574 1227 934 1309; x_wconf 85' lang='lat' dir='ltr'><strong>praecipuum</strong></span> <span class='ocrx_word' id='word_1_115' title='bbox 957 1269 972 1300; x_wconf 59' lang='lat'>7</span> <span class='ocrx_word' id='word_1_116' title='bbox 1010 1225 1130 1283; x_wconf 92' lang='lat' dir='ltr'><strong>imo</strong></span> <span class='ocrx_word' id='word_1_117' title='bbox 1160 1236 1220 1284; x_wconf 91' lang='lat' dir='ltr'><strong>et</strong></span> <span class='ocrx_word' id='word_1_118' title='bbox 1246 1223 1446 1285; x_wconf 85' lang='lat' dir='ltr'><strong>sedem</strong></span> <span class='ocrx_word' id='word_1_119' title='bbox 1470 1226 1576 1307; x_wconf 84' lang='lat'><strong>(3).</strong></span> 
     </span>
    </p>
   </div>
   <div class='ocr_carea' id='block_1_4' title="bbox 85 1402 1108 2923">
    <p class='ocr_par' dir='ltr' id='par_1_4' title="bbox 85 1402 1108 2923">
     <span class='ocr_line' id='line_1_14' title="bbox 151 1402 1100 1470; baseline -0.003 -17"><span class='ocrx_word' id='word_1_120' title='bbox 151 1407 223 1469; x_wconf 91' lang='lat' dir='ltr'><strong>(l)</strong></span> <span class='ocrx_word' id='word_1_121' title='bbox 260 1405 384 1453; x_wconf 88' lang='lat' dir='ltr'><strong>lbid.</strong></span> <span class='ocrx_word' id='word_1_122' title='bbox 441 1420 546 1470; x_wconf 86' lang='lat' dir='ltr'><strong>pag.</strong></span> <span class='ocrx_word' id='word_1_123' title='bbox 603 1403 687 1452; x_wconf 83' lang='lat'><strong>31.</strong></span> <span class='ocrx_word' id='word_1_124' title='bbox 732 1402 832 1452; x_wconf 82' lang='lat' dir='ltr'><strong>Cfr.</strong></span> <span class='ocrx_word' id='word_1_125' title='bbox 882 1413 1100 1467; x_wconf 87' lang='lat' dir='ltr'><strong>praeterea</strong></span> 
     </span>
     <span class='ocr_line' id='line_1_15' title="bbox 87 1485 1101 1551; baseline -0.004 -16"><span class='ocrx_word' id='word_1_126' title='bbox 87 1486 432 1535; x_wconf 76' lang='lat' dir='ltr'><strong>Dictiounaire</strong></span> <span class='ocrx_word' id='word_1_127' title='bbox 461 1485 628 1551; x_wconf 74' lang='lat' dir='ltr'><strong>abreqe</strong></span> <span class='ocrx_word' id='word_1_128' title='bbox 656 1485 736 1533; x_wconf 80' lang='lat' dir='ltr'><strong>des</strong></span> <span class='ocrx_word' id='word_1_129' title='bbox 760 1487 970 1532; x_wconf 75' lang='lat' dir='ltr'><strong>sciencee</strong></span> <span class='ocrx_word' id='word_1_130' title='bbox 1003 1487 1101 1531; x_wconf 74' lang='lat' dir='ltr'><strong>me-</strong></span> 
     </span>
     <span class='ocr_line' id='line_1_16' title="bbox 85 1564 1095 1628; baseline -0.002 -14"><span class='ocrx_word' id='word_1_131' title='bbox 85 1566 349 1628; x_wconf 77' lang='lat' dir='ltr'><strong>dicinales,</strong></span> <span class='ocrx_word' id='word_1_132' title='bbox 375 1567 534 1616; x_wconf 85' lang='lat' dir='ltr'><strong>Milan.</strong></span> <span class='ocrx_word' id='word_1_133' title='bbox 561 1564 687 1615; x_wconf 80' lang='lat'>1825</span> <span class='ocrx_word' id='word_1_134' title='bbox 705 1605 719 1627; x_wconf 92' lang='lat'>‚</span> <span class='ocrx_word' id='word_1_135' title='bbox 740 1577 827 1615; x_wconf 88' lang='lat' dir='ltr'><strong>art.</strong></span> <span class='ocrx_word' id='word_1_136' title='bbox 857 1566 1095 1621; x_wconf 73' lang='lat' dir='ltr'><strong>Pession,</strong></span> 
     </span>
     <span class='ocr_line' id='line_1_17' title="bbox 86 1644 1103 1716; baseline -0.002 -19"><span class='ocrx_word' id='word_1_137' title='bbox 86 1667 190 1715; x_wconf 84' lang='lat' dir='ltr'><strong>pag.</strong></span> <span class='ocrx_word' id='word_1_138' title='bbox 225 1648 319 1716; x_wconf 82' lang='lat'><strong>357</strong></span> <span class='ocrx_word' id='word_1_139' title='bbox 354 1659 399 1697; x_wconf 88' lang='lat' dir='ltr'><strong>et.</strong></span> <span class='ocrx_word' id='word_1_140' title='bbox 428 1667 553 1714; x_wconf 84' lang='lat' dir='ltr'><strong>seqq.</strong></span> <span class='ocrx_word' id='word_1_141' title='bbox 584 1666 768 1697; x_wconf 83' lang='lat' dir='ltr'>necnon</span> <span class='ocrx_word' id='word_1_142' title='bbox 798 1644 1103 1712; x_wconf 78' lang='lat' dir='ltr'><strong>Physioloqie</strong></span> 
     </span>
     <span class='ocr_line' id='line_1_18' title="bbox 87 1728 1103 1798; baseline -0.002 -19"><span class='ocrx_word' id='word_1_143' title='bbox 87 1731 167 1779; x_wconf 77' lang='lat' dir='ltr'><strong>des</strong></span> <span class='ocrx_word' id='word_1_144' title='bbox 178 1733 406 1798; x_wconf 71' lang='lat' dir='ltr'><strong>passione</strong></span> <span class='ocrx_word' id='word_1_145' title='bbox 425 1768 436 1790; x_wconf 91' lang='lat'>,</span> <span class='ocrx_word' id='word_1_146' title='bbox 469 1749 549 1795; x_wconf 82' lang='lat' dir='ltr'><strong>par</strong></span> <span class='ocrx_word' id='word_1_147' title='bbox 579 1729 626 1778; x_wconf 91' lang='lat' dir='ltr'><strong>J.</strong></span> <span class='ocrx_word' id='word_1_148' title='bbox 659 1729 711 1777; x_wconf 91' lang='lat' dir='ltr'><strong>L.</strong></span> <span class='ocrx_word' id='word_1_149' title='bbox 749 1728 952 1788; x_wconf 60' lang='lat' dir='ltr'><strong>Alition,</strong></span> <span class='ocrx_word' id='word_1_150' title='bbox 976 1728 1103 1777; x_wconf 87' lang='lat' dir='ltr'><strong>Paris</strong></span> 
     </span>
     <span class='ocr_line' id='line_1_19' title="bbox 97 1809 1103 1875; baseline -0.003 -15"><span class='ocrx_word' id='word_1_151' title='bbox 97 1811 224 1862; x_wconf 84' lang='lat'>1825</span> <span class='ocrx_word' id='word_1_152' title='bbox 247 1851 260 1873; x_wconf 87' lang='lat'><em>‚</em></span> <span class='ocrx_word' id='word_1_153' title='bbox 293 1814 481 1861; x_wconf 87' lang='lat' dir='ltr'><strong>duobus</strong></span> <span class='ocrx_word' id='word_1_154' title='bbox 508 1810 768 1861; x_wconf 65' lang='lat' dir='ltr'><strong>vobin-8⁰.</strong></span> <span class='ocrx_word' id='word_1_155' title='bbox 798 1809 865 1858; x_wconf 83' lang='lat' dir='ltr'><strong>Ex</strong></span> <span class='ocrx_word' id='word_1_156' title='bbox 891 1812 978 1858; x_wconf 87' lang='lat' dir='ltr'><strong>hac</strong></span> <span class='ocrx_word' id='word_1_157' title='bbox 1008 1827 1103 1875; x_wconf 88' lang='lat' dir='ltr'><strong>per·</strong></span> 
     </span>
     <span class='ocr_line' id='line_1_20' title="bbox 90 1895 1102 1960; baseline -0.002 -18"><span class='ocrx_word' id='word_1_158' title='bbox 90 1895 350 1943; x_wconf 80' lang='lat' dir='ltr'><strong>turbatione</strong></span> <span class='ocrx_word' id='word_1_159' title='bbox 368 1932 381 1955; x_wconf 88' lang='lat'>‚</span> <span class='ocrx_word' id='word_1_160' title='bbox 409 1912 547 1960; x_wconf 87' lang='lat' dir='ltr'><strong>quam</strong></span> <span class='ocrx_word' id='word_1_161' title='bbox 571 1904 764 1959; x_wconf 77' lang='lat' dir='ltr'><strong>systema</strong></span> <span class='ocrx_word' id='word_1_162' title='bbox 794 1895 1102 1958; x_wconf 84' lang='lat' dir='ltr'><strong>irrigatorium</strong></span> 
     </span>
     <span class='ocr_line' id='line_1_21' title="bbox 89 1974 1100 2041; baseline -0.002 -17"><span class='ocrx_word' id='word_1_163' title='bbox 89 1977 148 2024; x_wconf 90' lang='lat' dir='ltr'><strong>ab</strong></span> <span class='ocrx_word' id='word_1_164' title='bbox 181 1979 326 2024; x_wconf 87' lang='lat' dir='ltr'><strong>animi</strong></span> <span class='ocrx_word' id='word_1_165' title='bbox 364 1975 687 2024; x_wconf 84' lang='lat' dir='ltr'><strong>affectionibus</strong></span> <span class='ocrx_word' id='word_1_166' title='bbox 717 1978 917 2041; x_wconf 86' lang='lat' dir='ltr'><strong>patitur,</strong></span> <span class='ocrx_word' id='word_1_167' title='bbox 957 1974 1100 2039; x_wconf 87' lang='lat' dir='ltr'><strong>expli·</strong></span> 
     </span>
     <span class='ocr_line' id='line_1_22' title="bbox 89 2056 1103 2123; baseline -0.001 -19"><span class='ocrx_word' id='word_1_168' title='bbox 89 2068 218 2105; x_wconf 84' lang='lat' dir='ltr'><strong>catur</strong></span> <span class='ocrx_word' id='word_1_169' title='bbox 245 2058 384 2106; x_wconf 89' lang='lat' dir='ltr'><strong>sudor</strong></span> <span class='ocrx_word' id='word_1_170' title='bbox 415 2060 691 2122; x_wconf 83' lang='lat' dir='ltr'><strong>sanguineus</strong></span> <span class='ocrx_word' id='word_1_171' title='bbox 721 2057 890 2105; x_wconf 78' lang='lat' dir='ltr'><strong>Christi</strong></span> <span class='ocrx_word' id='word_1_172' title='bbox 914 2056 1103 2123; x_wconf 79' lang='lat' dir='ltr'><strong>Domini</strong></span> 
     </span>
     <span class='ocr_line' id='line_1_23' title="bbox 89 2137 1101 2205; baseline -0.001 -19"><span class='ocrx_word' id='word_1_173' title='bbox 89 2142 138 2186; x_wconf 89' lang='lat' dir='ltr'><strong>in</strong></span> <span class='ocrx_word' id='word_1_174' title='bbox 174 2139 303 2187; x_wconf 90' lang='lat' dir='ltr'><strong>horto</strong></span> <span class='ocrx_word' id='word_1_175' title='bbox 326 2176 339 2198; x_wconf 91' lang='lat'>,</span> <span class='ocrx_word' id='word_1_176' title='bbox 372 2137 433 2187; x_wconf 91' lang='lat' dir='ltr'><strong>de</strong></span> <span class='ocrx_word' id='word_1_177' title='bbox 478 2157 571 2205; x_wconf 90' lang='lat' dir='ltr'><strong>quo</strong></span> <span class='ocrx_word' id='word_1_178' title='bbox 606 2138 657 2187; x_wconf 91' lang='lat' dir='ltr'><strong>S.</strong></span> <span class='ocrx_word' id='word_1_179' title='bbox 690 2138 806 2187; x_wconf 81' lang='lat' dir='ltr'><strong>Luc.</strong></span> <span class='ocrx_word' id='word_1_180' title='bbox 842 2156 970 2197; x_wconf 80' lang='lat' dir='ltr'>xxn,</span> <span class='ocrx_word' id='word_1_181' title='bbox 1004 2137 1101 2202; x_wconf 67' lang='lat'><strong>443</strong></span> 
     </span>
     <span class='ocr_line' id='line_1_24' title="bbox 89 2220 1104 2286; baseline 0 -19"><span class='ocrx_word' id='word_1_182' title='bbox 89 2238 199 2268; x_wconf 88' lang='lat' dir='ltr'><strong>nam</strong></span> <span class='ocrx_word' id='word_1_183' title='bbox 218 2220 382 2286; x_wconf 78' lang='lat' dir='ltr'><strong>systole</strong></span> <span class='ocrx_word' id='word_1_184' title='bbox 408 2231 452 2268; x_wconf 91' lang='lat' dir='ltr'><strong>et</strong></span> <span class='ocrx_word' id='word_1_185' title='bbox 480 2220 671 2269; x_wconf 78' lang='lat' dir='ltr'><strong>diastole</strong></span> <span class='ocrx_word' id='word_1_186' title='bbox 687 2256 700 2280; x_wconf 92' lang='lat'><strong>,</strong></span> <span class='ocrx_word' id='word_1_187' title='bbox 725 2236 827 2285; x_wconf 85' lang='lat' dir='ltr'><strong>quae</strong></span> <span class='ocrx_word' id='word_1_188' title='bbox 855 2220 970 2267; x_wconf 88' lang='lat' dir='ltr'><strong>duos</strong></span> <span class='ocrx_word' id='word_1_189' title='bbox 989 2235 1104 2284; x_wconf 81' lang='lat' dir='ltr'><strong>prae-</strong></span> 
     </span>
     <span class='ocr_line' id='line_1_25' title="bbox 90 2302 1105 2368; baseline 0 -19"><span class='ocrx_word' id='word_1_190' title='bbox 90 2304 246 2367; x_wconf 89' lang='lat' dir='ltr'><strong>cipuos</strong></span> <span class='ocrx_word' id='word_1_191' title='bbox 270 2305 557 2351; x_wconf 85' lang='lat' dir='ltr'><strong>constituunt</strong></span> <span class='ocrx_word' id='word_1_192' title='bbox 577 2302 725 2351; x_wconf 82' lang='lat' dir='ltr'><strong>cordis</strong></span> <span class='ocrx_word' id='word_1_193' title='bbox 742 2312 892 2350; x_wconf 89' lang='lat' dir='ltr'><strong>motus</strong></span> <span class='ocrx_word' id='word_1_194' title='bbox 928 2305 1105 2368; x_wconf 85' lang='lat' dir='ltr'><strong>sangui-</strong></span> 
     </span>
     <span class='ocr_line' id='line_1_26' title="bbox 90 2383 1106 2448; baseline 0 -17"><span class='ocrx_word' id='word_1_195' title='bbox 90 2386 162 2432; x_wconf 92' lang='lat' dir='ltr'><strong>nis</strong></span> <span class='ocrx_word' id='word_1_196' title='bbox 200 2387 460 2433; x_wconf 89' lang='lat' dir='ltr'><strong>circuitioni</strong></span> <span class='ocrx_word' id='word_1_197' title='bbox 482 2385 783 2432; x_wconf 85' lang='lat' dir='ltr'><strong>inservientes</strong></span> <span class='ocrx_word' id='word_1_198' title='bbox 798 2420 811 2443; x_wconf 81' lang='lat'>‚</span> <span class='ocrx_word' id='word_1_199' title='bbox 835 2383 1106 2448; x_wconf 66' lang='lat' dir='ltr'><strong>perturbatae</strong></span> 
     </span>
     <span class='ocr_line' id='line_1_27' title="bbox 89 2465 1104 2515; baseline -0.002 -1"><span class='ocrx_word' id='word_1_200' title='bbox 89 2468 140 2514; x_wconf 90' lang='lat' dir='ltr'><strong>in</strong></span> <span class='ocrx_word' id='word_1_201' title='bbox 163 2465 487 2515; x_wconf 88' lang='lat' dir='ltr'><strong>functionibus</strong></span> <span class='ocrx_word' id='word_1_202' title='bbox 519 2469 613 2515; x_wconf 87' lang='lat' dir='ltr'><strong>suis</strong></span> <span class='ocrx_word' id='word_1_203' title='bbox 655 2476 699 2515; x_wconf 87' lang='lat' dir='ltr'><strong>et</strong></span> <span class='ocrx_word' id='word_1_204' title='bbox 732 2466 991 2514; x_wconf 85' lang='lat' dir='ltr'><strong>anormales</strong></span> <span class='ocrx_word' id='word_1_205' title='bbox 1034 2465 1104 2514; x_wconf 81' lang='lat' dir='ltr'><strong>ef-</strong></span> 
     </span>
     <span class='ocr_line' id='line_1_28' title="bbox 91 2548 1106 2614; baseline -0.001 -17"><span class='ocrx_word' id='word_1_206' title='bbox 91 2549 246 2609; x_wconf 86' lang='lat' dir='ltr'><strong>fectae,</strong></span> <span class='ocrx_word' id='word_1_207' title='bbox 283 2549 623 2614; x_wconf 86' lang='lat' dir='ltr'><strong>pbaenomenon</strong></span> <span class='ocrx_word' id='word_1_208' title='bbox 640 2548 754 2596; x_wconf 90' lang='lat' dir='ltr'><strong>illud</strong></span> <span class='ocrx_word' id='word_1_209' title='bbox 772 2549 1106 2613; x_wconf 85' lang='lat' dir='ltr'><strong>produxerunt.</strong></span> 
     </span>
     <span class='ocr_line' id='line_1_29' title="bbox 91 2626 1108 2679; baseline -0.001 -2"><span class='ocrx_word' id='word_1_210' title='bbox 91 2630 230 2678; x_wconf 87' lang='lat' dir='ltr'><strong>Haud</strong></span> <span class='ocrx_word' id='word_1_211' title='bbox 275 2648 349 2679; x_wconf 93' lang='lat' dir='ltr'><strong>me</strong></span> <span class='ocrx_word' id='word_1_212' title='bbox 381 2632 493 2678; x_wconf 87' lang='lat' dir='ltr'><strong>latet</strong></span> <span class='ocrx_word' id='word_1_213' title='bbox 537 2630 765 2678; x_wconf 87' lang='lat' dir='ltr'><strong>Hilarium</strong></span> <span class='ocrx_word' id='word_1_214' title='bbox 811 2630 986 2678; x_wconf 82' lang='lat' dir='ltr'><strong>Pictav.</strong></span> <span class='ocrx_word' id='word_1_215' title='bbox 1037 2626 1108 2676; x_wconf 88' lang='lat' dir='ltr'><strong>De</strong></span> 
     </span>
     <span class='ocr_line' id='line_1_30' title="bbox 101 2711 1108 2776; baseline 0 -18"><span class='ocrx_word' id='word_1_216' title='bbox 101 2711 247 2759; x_wconf 82' lang='lat' dir='ltr'><strong>Trin.</strong></span> <span class='ocrx_word' id='word_1_217' title='bbox 267 2712 350 2758; x_wconf 91' lang='lat' dir='ltr'><strong>lib.</strong></span> <span class='ocrx_word' id='word_1_218' title='bbox 373 2731 419 2770; x_wconf 85' lang='lat' dir='ltr'><strong>x,</strong></span> <span class='ocrx_word' id='word_1_219' title='bbox 443 2730 494 2760; x_wconf 89' lang='lat' dir='ltr'><strong>n.</strong></span> <span class='ocrx_word' id='word_1_220' title='bbox 515 2711 572 2775; x_wconf 75' lang='grc'><strong>41</strong></span> <span class='ocrx_word' id='word_1_221' title='bbox 602 2749 614 2772; x_wconf 92' lang='grc'>,</span> <span class='ocrx_word' id='word_1_222' title='bbox 637 2712 853 2776; x_wconf 84' lang='lat' dir='ltr'><strong>prodigiis</strong></span> <span class='ocrx_word' id='word_1_223' title='bbox 870 2720 1108 2759; x_wconf 75' lang='lat' dir='ltr'><strong>accensere</strong></span> 
     </span>
     <span class='ocr_line' id='line_1_31' title="bbox 92 2793 1105 2859; baseline -0.002 -17"><span class='ocrx_word' id='word_1_224' title='bbox 92 2794 318 2859; x_wconf 84' lang='lat' dir='ltr'><strong>ejusmodi</strong></span> <span class='ocrx_word' id='word_1_225' title='bbox 359 2793 573 2842; x_wconf 87' lang='lat' dir='ltr'><strong>sudorem</strong></span> <span class='ocrx_word' id='word_1_226' title='bbox 611 2796 950 2858; x_wconf 86' lang='lat' dir='ltr'><strong>sanguineum,</strong></span> <span class='ocrx_word' id='word_1_227' title='bbox 993 2793 1105 2840; x_wconf 90' lang='lat' dir='ltr'><strong>dum</strong></span> 
     </span>
     <span class='ocr_line' id='line_1_32' title="bbox 91 2874 1108 2923; baseline -0.002 0"><span class='ocrx_word' id='word_1_228' title='bbox 91 2876 249 2923; x_wconf 84' lang='lat' dir='ltr'><strong>scribit</strong></span> <span class='ocrx_word' id='word_1_229' title='bbox 291 2892 305 2923; x_wconf 92' lang='lat'><strong>:</strong></span> <span class='ocrx_word' id='word_1_230' title='bbox 350 2875 529 2923; x_wconf 80' lang='lat' dir='ltr'><strong>Contra</strong></span> <span class='ocrx_word' id='word_1_231' title='bbox 561 2883 789 2923; x_wconf 78' lang='lat' dir='ltr'><strong>naturam</strong></span> <span class='ocrx_word' id='word_1_232' title='bbox 833 2883 903 2922; x_wconf 75' lang='lat' dir='ltr'><strong>est</strong></span> <span class='ocrx_word' id='word_1_233' title='bbox 933 2874 1108 2922; x_wconf 75' lang='lat' dir='ltr'><strong>sudare</strong></span> 
     </span>
    </p>
   </div>
   <div class='ocr_carea' id='block_1_5' title="bbox 90 2952 1178 3021">
    <p class='ocr_par' dir='ltr' id='par_1_5' title="bbox 90 2952 1178 3021">
     <span class='ocr_line' id='line_1_33' title="bbox 90 2952 1178 3021; baseline -0.001 -17"><span class='ocrx_word' id='word_1_234' title='bbox 90 2958 397 3021; x_wconf 71' lang='lat' dir='ltr'><strong>sanquinem.</strong></span> <span class='ocrx_word' id='word_1_235' title='bbox 427 2955 604 3005; x_wconf 87' lang='lat' dir='ltr'><strong>Verum</strong></span> <span class='ocrx_word' id='word_1_236' title='bbox 636 2974 733 3005; x_wconf 89' lang='lat' dir='ltr'><strong>non</strong></span> <span class='ocrx_word' id='word_1_237' title='bbox 760 2957 898 3005; x_wconf 90' lang='lat' dir='ltr'><strong>modo</strong></span> <span class='ocrx_word' id='word_1_238' title='bbox 932 2956 1108 3004; x_wconf 82' lang='lat' dir='ltr'><strong>Aristo·</strong></span> <span class='ocrx_word' id='word_1_239' title='bbox 1175 2952 1178 2954; x_wconf 71' lang='grc'><strong><em>’</em></strong></span> 
     </span>
    </p>
   </div>
   <div class='ocr_carea' id='block_1_6' title="bbox 92 3038 1111 3677">
    <p class='ocr_par' dir='ltr' id='par_1_6' title="bbox 92 3038 1111 3677">
     <span class='ocr_line' id='line_1_34' title="bbox 92 3038 1105 3105; baseline -0.003 -17"><span class='ocrx_word' id='word_1_240' title='bbox 92 3039 226 3098; x_wconf 81' lang='lat' dir='ltr'><strong>teies,</strong></span> <span class='ocrx_word' id='word_1_241' title='bbox 250 3039 387 3087; x_wconf 66' lang='lat' dir='ltr'><strong>Hist.</strong></span> <span class='ocrx_word' id='word_1_242' title='bbox 418 3038 623 3087; x_wconf 78' lang='lat' dir='ltr'><strong>animal.</strong></span> <span class='ocrx_word' id='word_1_243' title='bbox 655 3038 747 3087; x_wconf 88' lang='lat' dir='ltr'><strong>lib.</strong></span> <span class='ocrx_word' id='word_1_244' title='bbox 782 3055 864 3100; x_wconf 85' lang='grc' dir='ltr'><strong>ιιι,</strong></span> <span class='ocrx_word' id='word_1_245' title='bbox 897 3055 1002 3103; x_wconf 89' lang='lat' dir='ltr'><strong>cap.</strong></span> <span class='ocrx_word' id='word_1_246' title='bbox 1027 3054 1105 3105; x_wconf 89' lang='lat'><strong>19,</strong></span> 
     </span>
     <span class='ocr_line' id='line_1_35' title="bbox 94 3119 1106 3188; baseline 0 -20"><span class='ocrx_word' id='word_1_247' title='bbox 94 3131 139 3168; x_wconf 89' lang='lat' dir='ltr'><strong>et</strong></span> <span class='ocrx_word' id='word_1_248' title='bbox 188 3120 269 3169; x_wconf 87' lang='lat' dir='ltr'><strong>De</strong></span> <span class='ocrx_word' id='word_1_249' title='bbox 319 3120 520 3170; x_wconf 81' lang='lat' dir='ltr'><strong>animal·</strong></span> <span class='ocrx_word' id='word_1_250' title='bbox 567 3122 828 3188; x_wconf 74' lang='lat' dir='ltr'><strong>partibus,</strong></span> <span class='ocrx_word' id='word_1_251' title='bbox 881 3119 970 3169; x_wconf 89' lang='lat' dir='ltr'><strong>lib.</strong></span> <span class='ocrx_word' id='word_1_252' title='bbox 1019 3137 1069 3168; x_wconf 85' lang='grc' dir='ltr'><strong>ιιι</strong></span> <span class='ocrx_word' id='word_1_253' title='bbox 1091 3158 1106 3180; x_wconf 86' lang='grc'>,</span> 
     </span>
     <span class='ocr_line' id='line_1_36' title="bbox 95 3199 1110 3269; baseline 0.002 -21"><span class='ocrx_word' id='word_1_254' title='bbox 95 3218 198 3264; x_wconf 85' lang='lat' dir='ltr'><strong>cap.</strong></span> <span class='ocrx_word' id='word_1_255' title='bbox 236 3199 298 3260; x_wconf 84' lang='lat'><strong>5,</strong></span> <span class='ocrx_word' id='word_1_256' title='bbox 324 3201 554 3264; x_wconf 85' lang='lat' dir='ltr'><strong>Galenus,</strong></span> <span class='ocrx_word' id='word_1_257' title='bbox 591 3221 671 3253; x_wconf 85' lang='lat' dir='ltr'><strong>seu</strong></span> <span class='ocrx_word' id='word_1_258' title='bbox 709 3205 919 3269; x_wconf 87' lang='lat' dir='ltr'><strong>quisquis</strong></span> <span class='ocrx_word' id='word_1_259' title='bbox 952 3213 1110 3251; x_wconf 81' lang='lat' dir='ltr'><strong>auctor</strong></span> 
     </span>
     <span class='ocr_line' id='line_1_37' title="bbox 96 3282 1106 3351; baseline 0.002 -22"><span class='ocrx_word' id='word_1_260' title='bbox 96 3292 163 3330; x_wconf 88' lang='lat' dir='ltr'><strong>est</strong></span> <span class='ocrx_word' id='word_1_261' title='bbox 218 3282 324 3330; x_wconf 85' lang='lat' dir='ltr'><strong>libri</strong></span> <span class='ocrx_word' id='word_1_262' title='bbox 369 3283 450 3332; x_wconf 89' lang='lat' dir='ltr'><strong>De</strong></span> <span class='ocrx_word' id='word_1_263' title='bbox 489 3284 694 3333; x_wconf 79' lang='lat' dir='ltr'><strong>utilitate</strong></span> <span class='ocrx_word' id='word_1_264' title='bbox 734 3283 1106 3351; x_wconf 63' lang='lat' dir='ltr'><strong>&#39;respirationi-s,</strong></span> 
     </span>
     <span class='ocr_line' id='line_1_38' title="bbox 97 3361 1111 3428; baseline 0.003 -18"><span class='ocrx_word' id='word_1_265' title='bbox 97 3361 435 3428; x_wconf 78' lang='lat' dir='ltr'><strong>Theophrastus</strong></span> <span class='ocrx_word' id='word_1_266' title='bbox 474 3366 660 3415; x_wconf 86' lang='lat' dir='ltr'><strong>Eresius</strong></span> <span class='ocrx_word' id='word_1_267' title='bbox 705 3370 756 3415; x_wconf 90' lang='lat' dir='ltr'><strong>in</strong></span> <span class='ocrx_word' id='word_1_268' title='bbox 800 3376 994 3415; x_wconf 85' lang='lat' dir='ltr'><strong>tractatu</strong></span> <span class='ocrx_word' id='word_1_269' title='bbox 1032 3366 1111 3415; x_wconf 91' lang='lat' dir='ltr'><strong>De</strong></span> 
     </span>
     <span class='ocr_line' id='line_1_39' title="bbox 95 3434 1111 3514; baseline 0.003 -22"><span class='ocrx_word' id='word_1_270' title='bbox 95 3444 350 3493; x_wconf 73' lang='lat' dir='ltr'><strong>sudoribus</strong></span> <span class='ocrx_word' id='word_1_271' title='bbox 371 3462 385 3507; x_wconf 80' lang='lat'>3</span> <span class='ocrx_word' id='word_1_272' title='bbox 406 3447 482 3494; x_wconf 83' lang='lat' dir='ltr'><strong>sed</strong></span> <span class='ocrx_word' id='word_1_273' title='bbox 509 3434 646 3498; x_wconf 86' lang='lat' dir='ltr'><strong>etiam</strong></span> <span class='ocrx_word' id='word_1_274' title='bbox 664 3485 678 3508; x_wconf 88' lang='lat'>‚</span> <span class='ocrx_word' id='word_1_275' title='bbox 707 3459 811 3514; x_wconf 86' lang='lat' dir='ltr'><strong>post</strong></span> <span class='ocrx_word' id='word_1_276' title='bbox 845 3458 1111 3498; x_wconf 83' lang='lat' dir='ltr'><strong>restauratas</strong></span> 
     </span>
     <span class='ocr_line' id='line_1_40' title="bbox 95 3527 1109 3595; baseline 0.004 -21"><span class='ocrx_word' id='word_1_277' title='bbox 95 3528 262 3575; x_wconf 78' lang='lat' dir='ltr'><strong>litteras</strong></span> <span class='ocrx_word' id='word_1_278' title='bbox 285 3530 334 3575; x_wconf 88' lang='lat' dir='ltr'><strong>in</strong></span> <span class='ocrx_word' id='word_1_279' title='bbox 355 3527 481 3575; x_wconf 86' lang='lat' dir='ltr'><strong>Italia</strong></span> <span class='ocrx_word' id='word_1_280' title='bbox 496 3564 516 3588; x_wconf 83' lang='grc'><strong>,,</strong></span> <span class='ocrx_word' id='word_1_281' title='bbox 546 3528 720 3579; x_wconf 85' lang='lat' dir='ltr'><strong>Collius</strong></span> <span class='ocrx_word' id='word_1_282' title='bbox 736 3566 750 3594; x_wconf 89' lang='lat'>‚</span> <span class='ocrx_word' id='word_1_283' title='bbox 779 3528 851 3578; x_wconf 90' lang='lat' dir='ltr'><strong>De</strong></span> <span class='ocrx_word' id='word_1_284' title='bbox 869 3531 1109 3595; x_wconf 73' lang='lat' dir='ltr'><strong>sanquine</strong></span> 
     </span>
     <span class='ocr_line' id='line_1_41' title="bbox 100 3609 1106 3677; baseline 0.004 -20"><span class='ocrx_word' id='word_1_285' title='bbox 100 3609 314 3670; x_wconf 73' lang='lat' dir='ltr'><strong>Christi3</strong></span> <span class='ocrx_word' id='word_1_286' title='bbox 358 3610 488 3677; x_wconf 88' lang='lat' dir='ltr'><strong>Grcg.</strong></span> <span class='ocrx_word' id='word_1_287' title='bbox 535 3611 672 3672; x_wconf 91' lang='lat' dir='ltr'><strong>Leti,</strong></span> <span class='ocrx_word' id='word_1_288' title='bbox 724 3611 778 3660; x_wconf 90' lang='lat' dir='ltr'><em>V</em></span> <span class='ocrx_word' id='word_1_289' title='bbox 777 3614 849 3660; x_wconf 79' lang='lat' dir='ltr'><strong>ita</strong></span> <span class='ocrx_word' id='word_1_290' title='bbox 890 3611 1024 3661; x_wconf 64' lang='lat' dir='ltr'><strong>Sia-ti</strong></span> <span class='ocrx_word' id='word_1_291' title='bbox 1048 3630 1106 3672; x_wconf 80' lang='lat' dir='ltr'><strong>v,</strong></span> 
     </span>
    </p>
   </div>
   <div class='ocr_carea' id='block_1_7' title="bbox 1185 1401 2215 3677">
    <p class='ocr_par' dir='ltr' id='par_1_7' title="bbox 1185 1401 2213 2944">
     <span class='ocr_line' id='line_1_42' title="bbox 1187 1401 2208 1472; baseline 0.008 -24"><span class='ocrx_word' id='word_1_292' title='bbox 1187 1401 1276 1450; x_wconf 90' lang='lat' dir='ltr'><strong>lib.</strong></span> <span class='ocrx_word' id='word_1_293' title='bbox 1311 1419 1355 1449; x_wconf 90' lang='lat' dir='ltr'><strong>v1</strong></span> <span class='ocrx_word' id='word_1_294' title='bbox 1378 1419 1391 1464; x_wconf 72' lang='lat'>3</span> <span class='ocrx_word' id='word_1_295' title='bbox 1416 1401 1671 1467; x_wconf 87' lang='lat' dir='ltr'><strong>Saporitius</strong></span> <span class='ocrx_word' id='word_1_296' title='bbox 1691 1441 1704 1464; x_wconf 89' lang='lat'>‚</span> <span class='ocrx_word' id='word_1_297' title='bbox 1738 1407 1788 1452; x_wconf 90' lang='lat' dir='ltr'><strong>in</strong></span> <span class='ocrx_word' id='word_1_298' title='bbox 1803 1404 2208 1472; x_wconf 76' lang='lat' dir='ltr'><strong>Ephemeridibus</strong></span> 
     </span>
     <span class='ocr_line' id='line_1_43' title="bbox 1185 1485 2207 1547; baseline 0.008 -18"><span class='ocrx_word' id='word_1_299' title='bbox 1185 1485 1481 1546; x_wconf 76' lang='lat' dir='ltr'><strong>qermanicis</strong></span> <span class='ocrx_word' id='word_1_300' title='bbox 1510 1488 1622 1533; x_wconf 86' lang='lat' dir='ltr'><strong>anni</strong></span> <span class='ocrx_word' id='word_1_301' title='bbox 1663 1501 1815 1547; x_wconf 69' lang='lat'>¹7¹2?</span> <span class='ocrx_word' id='word_1_302' title='bbox 1846 1490 1896 1535; x_wconf 87' lang='lat' dir='ltr'><strong>in</strong></span> <span class='ocrx_word' id='word_1_303' title='bbox 1918 1487 2060 1536; x_wconf 89' lang='lat' dir='ltr'><strong>Gallia</strong></span> <span class='ocrx_word' id='word_1_304' title='bbox 2086 1489 2207 1537; x_wconf 83' lang='lat' dir='ltr'><strong>Mal-</strong></span> 
     </span>
     <span class='ocr_line' id='line_1_44' title="bbox 1187 1565 2204 1635; baseline 0.009 -25"><span class='ocrx_word' id='word_1_305' title='bbox 1187 1565 1383 1612; x_wconf 82' lang='lat' dir='ltr'><strong>donatus</strong></span> <span class='ocrx_word' id='word_1_306' title='bbox 1404 1601 1416 1624; x_wconf 90' lang='lat'><strong>,</strong></span> <span class='ocrx_word' id='word_1_307' title='bbox 1462 1568 1513 1612; x_wconf 91' lang='lat' dir='ltr'><strong>in</strong></span> <span class='ocrx_word' id='word_1_308' title='bbox 1556 1565 1722 1615; x_wconf 75' lang='lat' dir='ltr'><strong>Matth.</strong></span> <span class='ocrx_word' id='word_1_309' title='bbox 1753 1584 1867 1615; x_wconf 85' lang='lat' dir='ltr'>xxv1</span> <span class='ocrx_word' id='word_1_310' title='bbox 1888 1606 1901 1628; x_wconf 96' lang='lat'>,</span> <span class='ocrx_word' id='word_1_311' title='bbox 1944 1570 2033 1635; x_wconf 79' lang='lat'><strong>373</strong></span> <span class='ocrx_word' id='word_1_312' title='bbox 2063 1570 2204 1635; x_wconf 85' lang='lat' dir='ltr'><strong>Fago-</strong></span> 
     </span>
     <span class='ocr_line' id='line_1_45' title="bbox 1186 1647 2207 1713; baseline 0.007 -20"><span class='ocrx_word' id='word_1_313' title='bbox 1186 1649 1321 1706; x_wconf 89' lang='lat' dir='ltr'><strong>nius,</strong></span> <span class='ocrx_word' id='word_1_314' title='bbox 1354 1647 1581 1695; x_wconf 84' lang='lat' dir='ltr'><strong>facultatis</strong></span> <span class='ocrx_word' id='word_1_315' title='bbox 1607 1651 1864 1713; x_wconf 81' lang='lat' dir='ltr'><strong>parisiensis</strong></span> <span class='ocrx_word' id='word_1_316' title='bbox 1894 1652 2098 1699; x_wconf 84' lang='lat' dir='ltr'><strong>medicus</strong></span> <span class='ocrx_word' id='word_1_317' title='bbox 2117 1690 2129 1707; x_wconf 80' lang='lat'>,</span> <span class='ocrx_word' id='word_1_318' title='bbox 2157 1656 2207 1700; x_wconf 90' lang='lat' dir='ltr'><strong>in</strong></span> 
     </span>
     <span class='ocr_line' id='line_1_46' title="bbox 1188 1727 2205 1793; baseline 0.006 -18"><span class='ocrx_word' id='word_1_319' title='bbox 1188 1729 1304 1777; x_wconf 88' lang='lat' dir='ltr'><strong>thesi</strong></span> <span class='ocrx_word' id='word_1_320' title='bbox 1332 1732 1446 1777; x_wconf 88' lang='lat' dir='ltr'><strong>anni</strong></span> <span class='ocrx_word' id='word_1_321' title='bbox 1483 1727 1611 1778; x_wconf 85' lang='lat'>1665</span> <span class='ocrx_word' id='word_1_322' title='bbox 1630 1746 1655 1793; x_wconf 47' lang='grc' dir='ltr'><em>ᾗ</em></span> <span class='ocrx_word' id='word_1_323' title='bbox 1686 1730 1966 1791; x_wconf 78' lang='lat' dir='ltr'><strong>Mervissius,</strong></span> <span class='ocrx_word' id='word_1_324' title='bbox 2002 1733 2205 1781; x_wconf 77' lang='lat' dir='ltr'><strong>Miscel-</strong></span> 
     </span>
     <span class='ocr_line' id='line_1_47' title="bbox 1187 1809 2207 1875; baseline 0.006 -18"><span class='ocrx_word' id='word_1_325' title='bbox 1187 1809 1435 1859; x_wconf 80' lang='lat' dir='ltr'><strong>Ianeorum</strong></span> <span class='ocrx_word' id='word_1_326' title='bbox 1455 1848 1468 1871; x_wconf 93' lang='lat'>,</span> <span class='ocrx_word' id='word_1_327' title='bbox 1500 1822 1609 1859; x_wconf 87' lang='lat' dir='ltr'><strong>tom.</strong></span> <span class='ocrx_word' id='word_1_328' title='bbox 1642 1828 1725 1875; x_wconf 80' lang='lat'>1¹¹3</span> <span class='ocrx_word' id='word_1_329' title='bbox 1751 1811 1975 1862; x_wconf 87' lang='lat' dir='ltr'><strong>Thuanus</strong></span> <span class='ocrx_word' id='word_1_330' title='bbox 1997 1851 2010 1872; x_wconf 89' lang='lat'>‚</span> <span class='ocrx_word' id='word_1_331' title='bbox 2035 1813 2207 1863; x_wconf 73' lang='lat' dir='ltr'><strong>Histo-</strong></span> 
     </span>
     <span class='ocr_line' id='line_1_48' title="bbox 1187 1893 2206 1955; baseline 0.006 -16"><span class='ocrx_word' id='word_1_332' title='bbox 1187 1894 1378 1940; x_wconf 84' lang='lat' dir='ltr'><strong>riarum</strong></span> <span class='ocrx_word' id='word_1_333' title='bbox 1395 1930 1409 1950; x_wconf 86' lang='lat'><strong>‚</strong></span> <span class='ocrx_word' id='word_1_334' title='bbox 1445 1893 1532 1942; x_wconf 89' lang='lat' dir='ltr'><strong>lib.</strong></span> <span class='ocrx_word' id='word_1_335' title='bbox 1555 1910 1624 1955; x_wconf 77' lang='lat'><strong>¹13</strong></span> <span class='ocrx_word' id='word_1_336' title='bbox 1651 1896 1702 1942; x_wconf 88' lang='lat' dir='ltr'><strong>iu</strong></span> <span class='ocrx_word' id='word_1_337' title='bbox 1732 1894 1975 1944; x_wconf 84' lang='lat' dir='ltr'><strong>Germania</strong></span> <span class='ocrx_word' id='word_1_338' title='bbox 2001 1895 2206 1946; x_wconf 87' lang='lat' dir='ltr'><strong>Schenc-</strong></span> 
     </span>
     <span class='ocr_line' id='line_1_49' title="bbox 1187 1974 2206 2042; baseline 0.005 -21"><span class='ocrx_word' id='word_1_339' title='bbox 1187 1974 1289 2022; x_wconf 83' lang='lat' dir='ltr'><strong>kius</strong></span> <span class='ocrx_word' id='word_1_340' title='bbox 1303 2010 1320 2037; x_wconf 86' lang='lat'><em>,</em></span> <span class='ocrx_word' id='word_1_341' title='bbox 1384 1975 1638 2023; x_wconf 79' lang='lat' dir='ltr'><strong>Observat.</strong></span> <span class='ocrx_word' id='word_1_342' title='bbox 1707 1974 1798 2024; x_wconf 82' lang='lat'><strong>138</strong></span> <span class='ocrx_word' id='word_1_343' title='bbox 1818 2013 1831 2035; x_wconf 90' lang='lat'>‚</span> <span class='ocrx_word' id='word_1_344' title='bbox 1891 1976 1971 2026; x_wconf 88' lang='lat' dir='ltr'><strong>lib.</strong></span> <span class='ocrx_word' id='word_1_345' title='bbox 2018 1993 2066 2026; x_wconf 76' lang='lat' dir='ltr'><strong>vt</strong></span> <span class='ocrx_word' id='word_1_346' title='bbox 2090 1995 2106 2042; x_wconf 80' lang='lat'><em>3</em></span> <span class='ocrx_word' id='word_1_347' title='bbox 2155 1980 2206 2026; x_wconf 90' lang='lat' dir='ltr'><strong>in</strong></span> 
     </span>
     <span class='ocr_line' id='line_1_50' title="bbox 1190 2055 2206 2124; baseline 0.005 -21"><span class='ocrx_word' id='word_1_348' title='bbox 1190 2055 1398 2104; x_wconf 78' lang='lat' dir='ltr'><strong>Helvetia</strong></span> <span class='ocrx_word' id='word_1_349' title='bbox 1474 2057 1715 2105; x_wconf 87' lang='lat' dir='ltr'><strong>Conradus</strong></span> <span class='ocrx_word' id='word_1_350' title='bbox 1782 2058 2056 2124; x_wconf 78' lang='lat' dir='ltr'><strong>Lycostenes</strong></span> <span class='ocrx_word' id='word_1_351' title='bbox 2083 2097 2097 2119; x_wconf 94' lang='lat'>‚</span> <span class='ocrx_word' id='word_1_352' title='bbox 2156 2063 2206 2108; x_wconf 88' lang='lat' dir='ltr'><strong>in</strong></span> 
     </span>
     <span class='ocr_line' id='line_1_51' title="bbox 1189 2138 2205 2204; baseline 0.005 -19"><span class='ocrx_word' id='word_1_353' title='bbox 1189 2138 1538 2203; x_wconf 78' lang='lat' dir='ltr'><strong>Prodiqiorum</strong></span> <span class='ocrx_word' id='word_1_354' title='bbox 1557 2156 1615 2186; x_wconf 85' lang='lat' dir='ltr'><strong>ae</strong></span> <span class='ocrx_word' id='word_1_355' title='bbox 1644 2148 1929 2187; x_wconf 72' lang='lat' dir='ltr'><strong>oscmtorum</strong></span> <span class='ocrx_word' id='word_1_356' title='bbox 1953 2140 2205 2204; x_wconf 76' lang='lat' dir='ltr'><strong>chronico,</strong></span> 
     </span>
     <span class='ocr_line' id='line_1_52' title="bbox 1189 2219 2208 2286; baseline 0.005 -19"><span class='ocrx_word' id='word_1_357' title='bbox 1189 2219 1360 2284; x_wconf 86' lang='lat' dir='ltr'><strong>aliique</strong></span> <span class='ocrx_word' id='word_1_358' title='bbox 1386 2222 1473 2268; x_wconf 85' lang='lat' dir='ltr'><strong>viri</strong></span> <span class='ocrx_word' id='word_1_359' title='bbox 1508 2221 1629 2268; x_wconf 85' lang='lat' dir='ltr'><strong>docti</strong></span> <span class='ocrx_word' id='word_1_360' title='bbox 1667 2239 1762 2268; x_wconf 88' lang='lat' dir='ltr'><strong>non</strong></span> <span class='ocrx_word' id='word_1_361' title='bbox 1802 2224 1935 2286; x_wconf 90' lang='lat' dir='ltr'><strong>pauci</strong></span> <span class='ocrx_word' id='word_1_362' title='bbox 1964 2226 2058 2271; x_wconf 86' lang='lat' dir='ltr'><strong>suis</strong></span> <span class='ocrx_word' id='word_1_363' title='bbox 2090 2235 2208 2272; x_wconf 86' lang='lat' dir='ltr'><strong>tem-</strong></span> 
     </span>
     <span class='ocr_line' id='line_1_53' title="bbox 1190 2300 2207 2365; baseline 0.006 -18"><span class='ocrx_word' id='word_1_364' title='bbox 1190 2300 1381 2365; x_wconf 84' lang='lat' dir='ltr'><strong>poribus</strong></span> <span class='ocrx_word' id='word_1_365' title='bbox 1408 2319 1555 2350; x_wconf 88' lang='lat' dir='ltr'><strong>mares</strong></span> <span class='ocrx_word' id='word_1_366' title='bbox 1598 2320 1652 2350; x_wconf 91' lang='lat' dir='ltr'><strong>ac</strong></span> <span class='ocrx_word' id='word_1_367' title='bbox 1677 2303 1870 2351; x_wconf 85' lang='lat' dir='ltr'><strong>feminas</strong></span> <span class='ocrx_word' id='word_1_368' title='bbox 1890 2341 1902 2362; x_wconf 90' lang='lat'><strong>‚</strong></span> <span class='ocrx_word' id='word_1_369' title='bbox 1940 2304 2012 2352; x_wconf 89' lang='lat' dir='ltr'><strong>vel</strong></span> <span class='ocrx_word' id='word_1_370' title='bbox 2043 2304 2207 2353; x_wconf 86' lang='lat' dir='ltr'><strong>morbo</strong></span> 
     </span>
     <span class='ocr_line' id='line_1_54' title="bbox 1192 2380 2200 2447; baseline 0.007 -19"><span class='ocrx_word' id='word_1_371' title='bbox 1192 2380 1473 2442; x_wconf 79' lang='lat' dir='ltr'><strong>sollicitatos,</strong></span> <span class='ocrx_word' id='word_1_372' title='bbox 1495 2382 1568 2430; x_wconf 80' lang='lat' dir='ltr'><strong>vel</strong></span> <span class='ocrx_word' id='word_1_373' title='bbox 1585 2386 1728 2431; x_wconf 88' lang='lat' dir='ltr'><strong>animi</strong></span> <span class='ocrx_word' id='word_1_374' title='bbox 1744 2402 1935 2433; x_wconf 86' lang='lat' dir='ltr'><strong>moerore</strong></span> <span class='ocrx_word' id='word_1_375' title='bbox 1946 2386 2200 2447; x_wconf 89' lang='lat' dir='ltr'><strong>confectos,</strong></span> 
     </span>
     <span class='ocr_line' id='line_1_55' title="bbox 1191 2465 2208 2532; baseline 0.006 -22"><span class='ocrx_word' id='word_1_376' title='bbox 1191 2465 1412 2528; x_wconf 79' lang='lat' dir='ltr'><strong>sanguine</strong></span> <span class='ocrx_word' id='word_1_377' title='bbox 1442 2465 1630 2512; x_wconf 86' lang='lat' dir='ltr'><strong>sudasse</strong></span> <span class='ocrx_word' id='word_1_378' title='bbox 1649 2500 1662 2524; x_wconf 88' lang='lat'>‚</span> <span class='ocrx_word' id='word_1_379' title='bbox 1694 2468 1788 2514; x_wconf 84' lang='lat' dir='ltr'><strong>sive</strong></span> <span class='ocrx_word' id='word_1_380' title='bbox 1819 2467 1942 2531; x_wconf 89' lang='lat' dir='ltr'><strong>quod</strong></span> <span class='ocrx_word' id='word_1_381' title='bbox 1966 2469 2052 2532; x_wconf 85' lang='lat' dir='ltr'><strong>ipsi</strong></span> <span class='ocrx_word' id='word_1_382' title='bbox 2079 2468 2208 2517; x_wconf 81' lang='lat' dir='ltr'><strong>vide-</strong></span> 
     </span>
     <span class='ocr_line' id='line_1_56' title="bbox 1190 2546 2198 2612; baseline 0.006 -20"><span class='ocrx_word' id='word_1_383' title='bbox 1190 2547 1286 2593; x_wconf 88' lang='lat' dir='ltr'><strong>rint</strong></span> <span class='ocrx_word' id='word_1_384' title='bbox 1302 2581 1315 2603; x_wconf 88' lang='lat'>,</span> <span class='ocrx_word' id='word_1_385' title='bbox 1339 2549 1434 2594; x_wconf 85' lang='lat' dir='ltr'><strong>sive</strong></span> <span class='ocrx_word' id='word_1_386' title='bbox 1462 2546 1704 2611; x_wconf 85' lang='lat' dir='ltr'><strong>diligenter</strong></span> <span class='ocrx_word' id='word_1_387' title='bbox 1731 2547 1964 2612; x_wconf 78' lang='lat' dir='ltr'><strong>explorata</strong></span> <span class='ocrx_word' id='word_1_388' title='bbox 1986 2551 2198 2609; x_wconf 81' lang='lat' dir='ltr'><strong>veritate,</strong></span> 
     </span>
     <span class='ocr_line' id='line_1_57' title="bbox 1193 2627 2208 2686; baseline 0.005 -12"><span class='ocrx_word' id='word_1_389' title='bbox 1193 2636 1434 2676; x_wconf 83' lang='lat' dir='ltr'><strong>testantur.</strong></span> <span class='ocrx_word' id='word_1_390' title='bbox 1452 2627 1551 2676; x_wconf 85' lang='lat' dir='ltr'><strong>Cfr.</strong></span> <span class='ocrx_word' id='word_1_391' title='bbox 1571 2628 1768 2686; x_wconf 87' lang='lat' dir='ltr'><strong>Calmet‚</strong></span> <span class='ocrx_word' id='word_1_392' title='bbox 1791 2629 2001 2678; x_wconf 76' lang='lat' dir='ltr'><strong>Dissert.</strong></span> <span class='ocrx_word' id='word_1_393' title='bbox 2022 2631 2079 2678; x_wconf 83' lang='lat' dir='ltr'><strong>de</strong></span> <span class='ocrx_word' id='word_1_394' title='bbox 2094 2647 2208 2679; x_wconf 80' lang='lat' dir='ltr'><strong>san-</strong></span> 
     </span>
     <span class='ocr_line' id='line_1_58' title="bbox 1189 2709 2209 2776; baseline 0.008 -22"><span class='ocrx_word' id='word_1_395' title='bbox 1189 2711 1368 2772; x_wconf 74' lang='lat' dir='ltr'><strong>quine«)</strong></span> <span class='ocrx_word' id='word_1_396' title='bbox 1401 2709 1584 2758; x_wconf 72' lang='lat' dir='ltr'><strong>Christi</strong></span> <span class='ocrx_word' id='word_1_397' title='bbox 1611 2711 1798 2758; x_wconf 75' lang='lat' dir='ltr'><strong>sudore.</strong></span> <span class='ocrx_word' id='word_1_398' title='bbox 1827 2711 1936 2776; x_wconf 83' lang='lat' dir='ltr'><strong>Quae</strong></span> <span class='ocrx_word' id='word_1_399' title='bbox 1965 2713 2069 2761; x_wconf 91' lang='lat' dir='ltr'><strong>ideo</strong></span> <span class='ocrx_word' id='word_1_400' title='bbox 2090 2724 2209 2761; x_wconf 92' lang='lat' dir='ltr'><strong>attu-</strong></span> 
     </span>
     <span class='ocr_line' id='line_1_59' title="bbox 1192 2791 2213 2858; baseline 0.005 -21"><span class='ocrx_word' id='word_1_401' title='bbox 1192 2791 1355 2849; x_wconf 87' lang='lat' dir='ltr'><strong>limus,</strong></span> <span class='ocrx_word' id='word_1_402' title='bbox 1390 2795 1498 2858; x_wconf 85' lang='lat' dir='ltr'><strong>quia</strong></span> <span class='ocrx_word' id='word_1_403' title='bbox 1529 2793 1724 2842; x_wconf 83' lang='lat' dir='ltr'><strong>mirifice</strong></span> <span class='ocrx_word' id='word_1_404' title='bbox 1754 2811 1851 2842; x_wconf 88' lang='lat' dir='ltr'><strong>rem</strong></span> <span class='ocrx_word' id='word_1_405' title='bbox 1880 2804 2213 2852; x_wconf 88' lang='lat' dir='ltr'><strong>nostramcon-</strong></span> 
     </span>
     <span class='ocr_line' id='line_1_60' title="bbox 1192 2873 1400 2944; baseline 0 -24"><span class='ocrx_word' id='word_1_406' title='bbox 1192 2873 1400 2944; x_wconf 78' lang='lat' dir='ltr'><strong>firmant.</strong></span> 
     </span>
    </p>

    <p class='ocr_par' dir='ltr' id='par_1_8' title="bbox 1191 2943 2214 3333">
     <span class='ocr_line' id='line_1_61' title="bbox 1261 2943 2204 3018; baseline 0 -15"><span class='ocrx_word' id='word_1_407' title='bbox 1261 2955 1442 3018; x_wconf 74' lang='lat' dir='ltr'><strong>(2)Cf1·.</strong></span> <span class='ocrx_word' id='word_1_408' title='bbox 1461 2959 1580 3005; x_wconf 89' lang='lat' dir='ltr'><strong>inter</strong></span> <span class='ocrx_word' id='word_1_409' title='bbox 1590 2943 1699 3005; x_wconf 83' lang='lat' dir='ltr'><strong>alios</strong></span> <span class='ocrx_word' id='word_1_410' title='bbox 1713 2959 1790 3005; x_wconf 88' lang='lat' dir='ltr'><strong>cit.</strong></span> <span class='ocrx_word' id='word_1_411' title='bbox 1813 2955 2204 3016; x_wconf 60' lang='lat' dir='ltr'><strong>Dicfionarium,</strong></span> 
     </span>
     <span class='ocr_line' id='line_1_62' title="bbox 1191 3035 2213 3103; baseline 0 -17"><span class='ocrx_word' id='word_1_412' title='bbox 1191 3039 1283 3087; x_wconf 88' lang='lat' dir='ltr'><strong>loc.</strong></span> <span class='ocrx_word' id='word_1_413' title='bbox 1333 3041 1412 3087; x_wconf 88' lang='lat' dir='ltr'><strong>cit.</strong></span> <span class='ocrx_word' id='word_1_414' title='bbox 1454 3056 1559 3103; x_wconf 81' lang='lat' dir='ltr'><strong>pag.</strong></span> <span class='ocrx_word' id='word_1_415' title='bbox 1602 3035 1730 3100; x_wconf 74' lang='lat'><strong>354,</strong></span> <span class='ocrx_word' id='word_1_416' title='bbox 1770 3047 1816 3086; x_wconf 89' lang='lat' dir='ltr'><strong>et</strong></span> <span class='ocrx_word' id='word_1_417' title='bbox 1857 3037 1991 3086; x_wconf 81' lang='lat' dir='ltr'><strong>Allan</strong></span> <span class='ocrx_word' id='word_1_418' title='bbox 2028 3038 2213 3095; x_wconf 87' lang='lat' dir='ltr'><strong>Burns,</strong></span> 
     </span>
     <span class='ocr_line' id='line_1_63' title="bbox 1198 3119 2214 3186; baseline 0 -19"><span class='ocrx_word' id='word_1_419' title='bbox 1198 3119 1547 3184; x_wconf 76' lang='lat' dir='ltr'><strong>Osservazioni</strong></span> <span class='ocrx_word' id='word_1_420' title='bbox 1567 3137 1708 3186; x_wconf 77' lang='lat' dir='ltr'><strong>sopra</strong></span> <span class='ocrx_word' id='word_1_421' title='bbox 1724 3121 1820 3185; x_wconf 70' lang='lat' dir='ltr'><strong>piu</strong></span> <span class='ocrx_word' id='word_1_422' title='bbox 1843 3119 2089 3184; x_wconf 75' lang='lat' dir='ltr'><strong>frequenti</strong></span> <span class='ocrx_word' id='word_1_423' title='bbox 2115 3138 2214 3168; x_wconf 85' lang='lat' dir='ltr'><strong>ma·</strong></span> 
     </span>
     <span class='ocr_line' id='line_1_64' title="bbox 1194 3201 2208 3268; baseline 0.002 -19"><span class='ocrx_word' id='word_1_424' title='bbox 1194 3201 1326 3251; x_wconf 77' lang='lat' dir='ltr'><strong>lattie</strong></span> <span class='ocrx_word' id='word_1_425' title='bbox 1359 3202 1437 3251; x_wconf 78' lang='lat' dir='ltr'><strong>del</strong></span> <span class='ocrx_word' id='word_1_426' title='bbox 1476 3220 1647 3264; x_wconf 84' lang='lat' dir='ltr'><strong>cuore,</strong></span> <span class='ocrx_word' id='word_1_427' title='bbox 1691 3203 1804 3251; x_wconf 85' lang='lat' dir='ltr'><strong>trad.</strong></span> <span class='ocrx_word' id='word_1_428' title='bbox 1853 3203 1960 3251; x_wconf 90' lang='lat' dir='ltr'><strong>dall&#39;</strong></span> <span class='ocrx_word' id='word_1_429' title='bbox 2007 3203 2208 3268; x_wconf 85' lang='lat' dir='ltr'><strong>inglese,</strong></span> 
     </span>
     <span class='ocr_line' id='line_1_65' title="bbox 1196 3282 1550 3333; baseline -0.003 -1"><span class='ocrx_word' id='word_1_430' title='bbox 1196 3285 1368 3333; x_wconf 87' lang='lat' dir='ltr'><strong>Milano</strong></span> <span class='ocrx_word' id='word_1_431' title='bbox 1406 3282 1550 3332; x_wconf 72' lang='lat'><strong>1816.</strong></span> 
     </span>
    </p>

    <p class='ocr_par' dir='ltr' id='par_1_9' title="bbox 1190 3365 2215 3677">
     <span class='ocr_line' id='line_1_66' title="bbox 1265 3365 2215 3431; baseline -0.001 -16"><span class='ocrx_word' id='word_1_432' title='bbox 1265 3366 1328 3430; x_wconf 86' lang='lat'><strong>(3)</strong></span> <span class='ocrx_word' id='word_1_433' title='bbox 1364 3365 1469 3413; x_wconf 88' lang='lat' dir='ltr'><strong>Non</strong></span> <span class='ocrx_word' id='word_1_434' title='bbox 1517 3375 1743 3431; x_wconf 89' lang='lat' dir='ltr'><strong>quatenus</strong></span> <span class='ocrx_word' id='word_1_435' title='bbox 1791 3383 1869 3414; x_wconf 90' lang='lat' dir='ltr'><strong>cor</strong></span> <span class='ocrx_word' id='word_1_436' title='bbox 1902 3375 2112 3414; x_wconf 88' lang='lat' dir='ltr'><strong>centrum</strong></span> <span class='ocrx_word' id='word_1_437' title='bbox 2148 3375 2215 3414; x_wconf 84' lang='lat' dir='ltr'><strong>est</strong></span> 
     </span>
     <span class='ocr_line' id='line_1_67' title="bbox 1195 3447 2214 3514; baseline -0.002 -18"><span class='ocrx_word' id='word_1_438' title='bbox 1195 3450 1450 3514; x_wconf 84' lang='lat' dir='ltr'><strong>systematis</strong></span> <span class='ocrx_word' id='word_1_439' title='bbox 1477 3449 1714 3511; x_wconf 81' lang='lat' dir='ltr'><strong>irrigatorii</strong></span> <span class='ocrx_word' id='word_1_440' title='bbox 1729 3485 1743 3508; x_wconf 93' lang='lat'>‚</span> <span class='ocrx_word' id='word_1_441' title='bbox 1772 3449 1851 3497; x_wconf 81' lang='lat' dir='ltr'><strong>sed</strong></span> <span class='ocrx_word' id='word_1_442' title='bbox 1869 3484 1881 3507; x_wconf 91' lang='lat'><strong>‚</strong></span> <span class='ocrx_word' id='word_1_443' title='bbox 1910 3458 1961 3495; x_wconf 89' lang='lat' dir='ltr'><strong>ut</strong></span> <span class='ocrx_word' id='word_1_444' title='bbox 1982 3447 2181 3495; x_wconf 87' lang='lat' dir='ltr'><strong>diximus</strong></span> <span class='ocrx_word' id='word_1_445' title='bbox 2200 3483 2214 3506; x_wconf 93' lang='lat'><strong>‚</strong></span> 
     </span>
     <span class='ocr_line' id='line_1_68' title="bbox 1191 3530 2211 3596; baseline 0 -18"><span class='ocrx_word' id='word_1_446' title='bbox 1191 3530 1251 3578; x_wconf 91' lang='lat' dir='ltr'><strong>ob</strong></span> <span class='ocrx_word' id='word_1_447' title='bbox 1277 3531 1580 3595; x_wconf 86' lang='lat' dir='ltr'><strong>quantitatem</strong></span> <span class='ocrx_word' id='word_1_448' title='bbox 1598 3540 1642 3578; x_wconf 88' lang='lat' dir='ltr'><strong>et</strong></span> <span class='ocrx_word' id='word_1_449' title='bbox 1657 3530 1924 3596; x_wconf 84' lang='lat' dir='ltr'><strong>qualitatem</strong></span> <span class='ocrx_word' id='word_1_450' title='bbox 1941 3546 2211 3590; x_wconf 80' lang='lat' dir='ltr'><strong>nervorum,</strong></span> 
     </span>
     <span class='ocr_line' id='line_1_69' title="bbox 1190 3611 1785 3677; baseline -0.002 -17"><span class='ocrx_word' id='word_1_451' title='bbox 1190 3611 1363 3677; x_wconf 87' lang='lat' dir='ltr'><strong>quibus</strong></span> <span class='ocrx_word' id='word_1_452' title='bbox 1393 3613 1673 3660; x_wconf 86' lang='lat' dir='ltr'><strong>instructum</strong></span> <span class='ocrx_word' id='word_1_453' title='bbox 1701 3622 1785 3661; x_wconf 85' lang='lat' dir='ltr'><strong>est.</strong></span> 
     </span>
    </p>
   </div>
  </div>
 </body>
</html>
