2534 4088
358 173 470 231 106

1026 194 1218 232 TRAG'r.
1267 198 1336 234 ΒΕ
1378 196 1812 238 ΙΝΟΔΒΝΑΤΙΟΝΕ.

351 335 648 395 mundum
675 333 941 393 inductas
968 332 1094 414 (l)·
1080 376 1096 408 7
1128 356 1244 416 quo
1281 354 1454 398 sensu
1492 343 1645 401 Deus
1665 387 1682 417 7
1714 344 1785 401 Is.
1818 344 1987 418 LXV,
2022 343 2131 416 17,
2162 355 2221 404 et:
2247 346 2458 421 va17

356 431 463 505 22,
497 430 672 503 dicit7
705 430 778 488 Se
818 450 1036 487 novam
1079 440 1308 491 terram
1341 436 1818 513 producturum.

438 526 575 585 178.
625 523 755 602 Obj.
787 536 1016 606 quarta.
1047 524 1109 583 10
1137 527 1391 608 Intelligi
1424 533 1664 612 nequit7
1700 535 1801 616 qui
1825 534 2044 615 factum
2070 508 2281 611 fuerit7
2312 546 2380 594 ut
2408 535 2471 594 in

352 632 516 680 tanta
542 620 952 680 vaticiniorum
976 620 1102 682 luce
1126 623 1406 705 7qualem
1434 625 1749 687 Christiani
1773 630 2331 706 comminiscuntur,
2372 632 2408 690 J
2413 653 2475 690 u-

351 717 614 777 daeorum
642 718 926 798 primores
970 730 1145 801 atque
1193 718 1459 780 doctores
1482 767 1498 796 7
1538 722 1877 802 synedrium
1917 726 2261 787 universum
2297 736 2473 807 atque

349 813 657 872 Pontifices
683 814 1031 873 Messianam
1055 814 1403 894 dignitatem
1432 817 1495 875 in
1517 819 1552 876 J
1558 839 1658 876 esu
1682 819 1927 878 minime
1955 821 2300 900 agnoverint
2327 866 2342 897 7
2371 821 2474 880 sed

350 907 549 989 ipsum
582 906 1022 990 repudiaverint
1054 931 1119 968 ae
1156 923 1344 970 morte
1374 912 1780 973 multaverint.
1833 915 2112 994 Magnum
2147 937 2287 976 sane
2321 937 2475 998 prae-

347 1002 637 1081 judicium
679 1002 788 1062 hoc
818 1025 942 1064 esse
970 1016 1171 1086 contra
1216 1006 1428 1066 Christi
1459 1030 1728 1083 causam7
1764 1031 1940 1068 nemo
1967 1021 2055 1069 est
2081 1012 2181 1092 qui
2219 1034 2340 1070 non
2375 1033 2476 1092 ag-

352 1110 574 1158 noscat.
602 1100 669 1158 20
696 1100 865 1172 Quod
892 1101 938 1159 si
967 1100 1051 1159 illi
1074 1123 1262 1183 7quos
1297 1103 1613 1164 vehemens
1632 1104 1986 1165 incendebat
2015 1107 2234 1166 Messiae
2257 1106 2478 1167 deside-

350 1193 541 1270 rium7
587 1197 687 1278 qui
733 1217 869 1255 eum
910 1217 1282 1279 summopere
1335 1199 1696 1281 exoptabant
1722 1246 1738 1276 7
1800 1200 2011 1282 quibus
2055 1201 2226 1281 longe
2267 1201 2476 1262 melius

349 1303 689 1373 perspectus
723 1302 848 1350 erat
872 1291 1208 1353 divinorum
1243 1294 1612 1353 oraculorum
1633 1317 1836 1356 sensus
1859 1343 1875 1372 7
1906 1309 2044 1357 ante
2075 1321 2327 1379 quorum
2349 1320 2479 1358 ocu-

352 1383 439 1445 los
472 1388 668 1446 omnia
708 1386 863 1446 illius
901 1389 1085 1448 aetatis
1116 1388 1389 1467 adjuncta
1435 1401 1495 1449 et
1535 1391 1747 1451 Christi
1787 1392 1935 1452 facta
1980 1392 2476 1470 obversabantur,

418 1563 490 1630 (l)
540 1565 665 1615 Dan.
717 1565 937 1627 Tobenz,
982 1584 1118 1631 opera
1172 1571 1367 1628 omnia,

350 1657 470 1698 tom.
509 1668 534 1717 7
557 1687 570 1708 7
608 1652 658 1698 in
693 1660 801 1698 nota
835 1650 895 1698 ad
928 1648 1084 1698 locum
1123 1651 1183 1699 ad
1220 1650 1364 1700 Hebr.

351 1749 419 1780 ιιι
440 1769 453 1792 7
487 1730 587 1795 263
629 1730 794 1780 Verba
825 1734 918 1781 ista
939 1771 951 1793 7
981 1735 1136 1800 inquit
1155 1770 1169 1794 7
1202 1733 1370 1798 lequn·

352 1821 434 1861 tar
462 1813 595 1880 Aqq.
630 1832 667 1862 11
687 1854 700 1876 7
737 1831 765 1880 7
790 1853 803 1875 7
838 1813 1016 1879 (Hebr.
1050 1814 1134 1873 6).
1164 1815 1247 1865 Ast
1276 1816 1372 1864 haeo

352 1899 513 1945 citatio
545 1906 614 1946 est
642 1898 900 1946 secundum
930 1910 1033 1947 Lxx.
1067 1897 1126 1946 In
1153 1898 1372 1947 hebraico

352 1970 550 2028 habetur
581 1995 596 2027 e
632 1979 811 2029 Adhuc
838 1997 994 2028 unum
1025 1979 1269 2027 modicum
1287 2019 1299 2040 7
1330 1988 1374 2028 et

355 2078 437 2126 eqo
469 2063 765 2111 commovebo
787 2099 803 2125 7
842 2074 930 2112 etc.
973 2061 1065 2110 Sed
1103 2073 1253 2111 textus
1288 2063 1372 2110 he·

352 2143 540 2192 braicus
571 2156 721 2209 potest
750 2163 936 2211 quoque
971 2147 1036 2193 sic
1068 2147 1183 2192 verti
1216 2162 1230 2192 :
1261 2143 1372 2192 Ad-

354 2225 450 2273 huc
478 2227 624 2274 semel
648 2227 761 2289 (sed
790 2226 1032 2275 modicam
1068 2225 1299 2291 durabit)
1331 2235 1375 2274 et

356 2325 440 2373 eqo
454 2310 762 2358 commovebo.
780 2310 883 2357 Per
895 2312 1251 2358 commotionem
1270 2308 1378 2357 cccl-i

357 2398 402 2438 et
419 2399 558 2439 terroe
590 2391 671 2439 hic
696 2393 848 2440 innui
869 2392 1096 2440 videntur
1120 2407 1374 2456 reynerum

355 2473 711 2536 subversiones,
738 2492 846 2539 quoe
871 2476 1000 2522 inter
1021 2473 1148 2521 hanc
1165 2472 1375 2539 prophe-

356 2557 479 2604 tiam
508 2554 692 2622 quoei
710 2566 755 2605 et
773 2557 1032 2606 adventum
1051 2557 1251 2605 Messiae
1272 2573 1375 2604 eve-

358 2648 538 2686 nerunt
565 2660 581 2685 .-
610 2639 829 2688 videlicet
857 2642 1058 2707 imperii
1081 2641 1265 2706 persici
1294 2639 1375 2686 de·

358 2722 556 2768 structio
575 2739 667 2787 per
692 2719 906 2781 Graecos7
929 2723 1069 2788 reqni
1094 2721 1375 2769 Groecoram

350 2819 445 2869 per
470 2801 711 2851 Romanos
724 2839 739 2863 ,
761 2802 1038 2869 reipublicoe
1053 2819 1264 2852 romanoe
1287 2819 1379 2868 per

359 2884 661 2950 Auqnstum.
697 2884 792 2934 Ast
823 2899 993 2951 scopus
1033 2885 1190 2933 Pauli
1215 2885 1375 2932 mani-

355 2968 474 3032 feste
511 2970 663 3033 ewiqit
683 3004 697 3029 7
733 2982 826 3035 per
862 2968 989 3017 hanc
1022 2969 1378 3016 commotionem

360 3050 469 3099 coeli
507 3060 553 3100 et
587 3059 724 3100 terrae
761 3050 969 3116 intelliyi
1004 3059 1196 3099 naturoe
1233 3052 1378 3098 totius

363 3135 753 3182 immutationem
771 3172 784 3195 7
813 3133 899 3182 Ιιοο
926 3142 1022 3191 est,
1051 3132 1291 3180 miracula
1322 3135 1380 3180 in

357 3215 746 3281 provnulyatione
798 3215 1049 3281 reliqionis
1100 3215 1381 3263 christianae

360 3297 495 3362 facta
511 3333 526 3356 ,
562 3297 846 3346 idololatriae
874 3299 1163 3346 eversionem
1179 3333 1193 3357 7
1230 3304 1381 3343 status

351 3380 558 3443 judaici
572 3381 853 3442 interitum,
875 3380 1268 3429 Christianorum
1279 3396 1385 3444 per-

367 3464 661 3524 sanationes,
680 3480 933 3528 eorumque
952 3462 1270 3512 constantiam
1286 3497 1298 3518 7
1319 3478 1388 3508 ce·

370 3554 585 3609 tera-sque
627 3545 964 3593 innovationes
986 3562 1078 3611 per
1107 3541 1384 3608 reliqionem

1449 1569 1644 1633 qatione
1666 1569 1732 1620 V.
1749 1568 1808 1617 L.
1823 1577 2011 1618 tantum
2029 1579 2205 1618 terram
2224 1607 2236 1629 7
2267 1569 2354 1618 hoc
2374 1577 2444 1617 est
2461 1607 2474 1629 7

1451 1660 1658 1698 montem
1683 1651 1837 1708 Sina,
1865 1661 2041 1700 motam
2063 1652 2219 1717 faisse
2234 1672 2252 1709 ,-
2279 1653 2337 1699 in
2355 1668 2476 1717 pro-

1452 1732 1748 1796 mulyatione
1759 1750 1866 1782 vero
1883 1733 2049 1796 Novae,
2065 1750 2163 1781 non
2179 1743 2358 1782 terram
2371 1741 2478 1781 tan·

1453 1824 1555 1864 tam
1569 1854 1582 1877 7
1599 1816 1682 1864 sed
1698 1816 1864 1865 coelam
1880 1834 2063 1882 qnoque
2078 1813 2471 1876 concutiendum,

1453 1897 1539 1945 hoc
1562 1907 1630 1945 est
1642 1934 1658 1959 7
1689 1900 1918 1964 maj0rem
1941 1915 2103 1946 rerum
2119 1899 2474 1946 conversionem

1452 1979 1780 2028 inducendam
1795 1997 1910 2040 esce,
1928 1997 1985 2028 ac
1999 1980 2292 2044 tuncfaerit.
2306 1979 2475 2029 Unam

1452 2063 1610 2126 iqitur
1629 2061 1686 2109 de
1707 2062 1861 2109 tribas
1884 2061 2143 2110 dicendam
2163 2097 2179 2123 ,
2214 2063 2317 2122 vel,
2350 2059 2478 2125 quod

1453 2145 1541 2191 iste
1577 2143 1704 2192 solus
1742 2146 1807 2191 sit
1842 2162 1982 2192 verus
2014 2144 2187 2192 horam
2222 2143 2477 2191 verborum

1454 2243 1620 2274 sensas
1639 2263 1654 2287 7
1695 2227 1901 2292 adeoque
1928 2244 2020 2292 per
2051 2226 2179 2274 Itane
2209 2225 2477 2273 commotio-

1455 2324 1565 2355 nem
1591 2325 1688 2355 non
1722 2307 2055 2372 intelliqantur
2081 2323 2335 2373 reynerum
2364 2305 2478 2354 enb-

1458 2391 1698 2438 versiones
1717 2391 1917 2438 ,Messioe
1935 2390 2196 2438 adventum
2209 2387 2478 2455 proeceden·

1457 2481 1523 2520 tes
1539 2510 1552 2532 7
1572 2473 1640 2521 vel
1659 2473 1789 2538 quod
1805 2482 2057 2537 utrumque
2070 2474 2134 2519 iis
2151 2471 2456 2535 desiqnetur..
2467 2505 2477 2517 .

1458 2555 1531 2604 vel
1551 2555 1679 2620 qaod
1706 2563 1882 2603 textum
1913 2555 2093 2619 Aqqoei
2122 2552 2315 2602 Paulus
2341 2567 2480 2617 scopo

1458 2654 1544 2685 suo
1599 2635 1989 2685 accommodarit.
2045 2636 2146 2684 Hoc
2195 2645 2480 2701 postremum

1459 2718 1726 2767 membrum
1760 2720 1989 2782 systemati
2029 2719 2355 2783 protestantico
2393 2731 2478 2763 ac-

1459 2799 1854 2849 commodationis
1884 2800 2243 2866 relinquendum
2272 2807 2354 2846 est.
2387 2789 2480 2846 Eo-

1461 2883 1567 2931 dem
1597 2885 1723 2931 enim
1764 2900 1901 2930 sensu
1926 2919 1939 2941 7
1969 2899 2063 2948 quo
2102 2881 2273 2930 Paulus
2297 2881 2483 2946 exponit

1462 2965 1612 3030 Aggaei
1624 2967 1920 3024 vaticinium,
1935 2965 2052 3013 illud
2073 2966 2299 3028 accepisse
2313 2972 2484 3011 veteres

1462 3047 1679 3096 Hebraeos
1715 3048 1916 3096 ostendit
1949 3046 2018 3096 De
2050 3046 2210 3094 Voisiu
2232 3082 2245 3103 7
2290 3047 2340 3092 in
2380 3043 2483 3091 Ob-

1463 3146 1616 3177 servv.
1652 3131 1708 3177 in
1727 3130 2023 3194 procamium
2041 3128 2175 3191 Puq.
2191 3124 2344 3190 fidei,
2375 3142 2480 3189 pag.

1472 3209 1566 3258 166
1586 3249 1598 3270 7
1616 3228 1757 3276 quem
1779 3210 1984 3259 consule.
2002 3208 2079 3257 Sic
2093 3210 2261 3272 pariter
2277 3206 2486 3254 falsitatis

1465 3295 1618 3357 arguit
1678 3291 2013 3340 Rosenmiilleri
2065 3292 2485 3355 interpretationem

1468 3375 1528 3422 R.
1563 3373 1826 3423 Abarbanel
1844 3411 1856 3433 7
1908 3373 2169 3420 Comment.
2217 3373 2271 3419 in
2315 3368 2484 3434 Haqq.

1471 3467 1630 3522 quaest.
1660 3473 1707 3503 lv
1726 3493 1739 3514 7
1767 3458 1898 3522 cujus
1925 3458 2107 3521 integer
2136 3464 2288 3503 textus
2316 3461 2488 3518 prostat

1469 3539 1560 3587 loc.
1605 3540 1689 3586 cit.
1737 3537 1829 3587 Th.
1883 3536 2122 3587 Goodwini
2153 3575 2166 3598 7
2214 3553 2295 3585 seu
2335 3535 2487 3600 potius

370 3625 691 3675 christianam
734 3627 917 3674 mundo
958 3627 1203 3676 inductae.
1240 3625 1392 3672 Facit
1475 3621 1754 3685 Hottingeri.

369 3709 497 3756 enim
512 3712 882 3776 oppositionem,
904 3709 1068 3757 dicens
1083 3726 1095 3757 :
1109 3711 1165 3757 in
1173 3706 1391 3774 promul-
