2534 4088
305 166 460 205 PART.
495 167 558 203 11.
607 164 725 201 GAP.
756 163 844 200 111.
882 163 949 199 DE
995 163 1372 202 HYPOSTATICA
1412 162 1846 202 GONJUNCTIONE.

2045 144 2164 207 205

50 309 286 370 sostomi
328 303 714 389 patrocinium
749 303 1103 383 confugerit,
1141 305 1258 363 imo
1299 315 1358 364 et
1385 326 1418 364 a
1450 303 1662 385 Cyrillo
1692 315 1752 365 et
1794 327 1825 365 a
1855 305 2166 367 Coelestino

50 406 205 485 Papa
258 402 533 462 adversus
601 399 974 458 Nestorianos
1024 398 1327 479 agentibus
1385 399 1784 480 Chrysostomi
1823 401 2164 463 orthodoxia

53 516 429 585 summopere
459 493 904 552 commendetur
926 493 1030 574 (1).
2184 488 2187 490 ’

136 593 273 652 361.
322 588 455 667 Obj.
501 589 695 648 tertia.
740 589 802 647 10
832 591 1113 648 Naturam
1146 589 1303 648 inter
1344 596 1518 668 atque
1543 610 1854 669 personam
1889 591 1985 655 vel
2008 592 2172 652 nulla

53 708 287 771 prorsus
323 684 420 746 vel
447 684 843 766 metaphorica
870 695 1104 743 tantum
1126 683 1418 742 distinctio
1446 683 1755 743 intercedit
1772 731 1788 762 7
1824 708 1951 769 quae
1978 709 2049 747 ex
2076 687 2171 748 di-

58 782 241 846 versis
279 791 454 862 atque
481 781 544 838 in
581 780 879 838 infinitum
907 777 1272 840 variantibus
1311 776 1798 859 philosophorum
1838 781 2173 842 notionibus

55 877 295 960 pendet.
345 876 482 948 Quis
512 887 708 934 autem
734 871 1067 933 notionibus
1102 874 1224 930 tam
1270 869 1554 949 ambiguis
1585 917 1600 947 ,
1640 884 1763 933 tam
1810 877 2011 952 variiS‚
2048 888 2174 937 tam

54 973 210 1031 inter
224 994 283 1030 se
307 969 585 1052 oppositis
607 967 874 1027 innixum
894 966 1101 1045 dogma
1127 966 1483 1024 constituat?
1506 966 1574 1023 20
1601 968 1679 1026 Eo
1695 968 1792 1028 vel
1812 971 1992 1052 magis
2014 970 2175 1054 quod

57 1066 288 1124 nullum
316 1087 389 1124 ex
429 1063 632 1124 creatis
667 1060 840 1121 rebus
870 1059 1095 1119 desumi
1134 1061 1316 1142 possit
1355 1058 1690 1144 exemplum
1718 1108 1734 1138 ,
1764 1085 1880 1146 quo
1917 1066 2177 1127 Catholi*

59 1183 258 1221 corum
308 1159 568 1218 doctrina
604 1155 941 1238 explicetur.
988 1154 1054 1213 30
1100 1155 1270 1215 Certe
1307 1156 1389 1232 si,
1436 1157 1646 1216 amotis
1690 1158 2176 1242 philosophorum

59 1253 474 1315 subtilitatibus
504 1297 520 1326 .,
547 1271 675 1310 rem
716 1249 1119 1326 discutiamuS,
1155 1251 1529 1332 perspicuum
1561 1273 1683 1313 esse
1716 1253 1948 1314 videtur
1969 1255 2045 1315 ad
2066 1256 2178 1316 ho·-

62 1351 235 1410 minis
253 1344 722 1408 constituendam
746 1367 1060 1427 personam
1082 1345 1193 1405 hoc
1220 1368 1404 1406 unum
1429 1348 1668 1427 requiri,
1696 1360 1763 1407 ut
1789 1370 1956 1409 mens
1975 1362 2038 1412 et
2059 1373 2179 1411 cor-

62 1469 171 1530 pus
199 1465 316 1504 una
349 1448 673 1523 jungantur
694 1488 710 1517 ,
745 1441 812 1500 40
843 1440 1100 1523 alioquin
1135 1441 1406 1502 dubitare
1435 1463 1668 1524 semper
1710 1443 1941 1520 liceret,
1977 1457 2177 1506 utrum

62 1539 229 1600 nobis
273 1539 413 1598 insit
446 1558 694 1619 persona
742 1535 996 1596 hominis
1025 1582 1041 1612 ,
1091 1538 1199 1596 etsi
1244 1539 1440 1597 animo
1483 1538 1715 1620 praediti
1755 1540 1935 1599 simus
1964 1552 2023 1599 et
2058 1562 2179 1601 cor-

61 1657 203 1717 pore
231 1635 343 1716 (2).
381 1633 447 1690 50
465 1632 633 1706 Quod
657 1632 704 1691 si
728 1630 927 1693 divina
944 1632 1162 1693 virtute
1186 1633 1526 1714 fieri'potuit
1545 1679 1560 1708 a
1593 1645 1660 1692 ut
1681 1634 1744 1692 in
1774 1634 2005 1695 Christo
2030 1646 2180 1697 esset

60 1741 270 1788 natura
301 1728 559 1787 humana
598 1727 724 1787 sine
751 1748 999 1809 persona
1025 1772 1041 1801 ,
1066 1738 1240 1808 atque
1268 1728 1330 1785 in
1364 1727 1549 1788 divini
1576 1727 1749 1788 Verbi
1773 1750 2022 1812 persona
2048 1729 2181 1790 sub·
2222 1725 2226 1729 Δ

62 1825 320 1900 sisteret,
360 1845 462 1883 cur
492 1823 707 1883 divinae
745 1821 1006 1901 ejusdem
1041 1822 1482 1903 omnipotentiae
1513 1823 1730 1883 virtute
1755 1824 1881 1883 fieri
1916 1823 2038 1883 non
2067 1846 2181 1906 po-

64 1920 212 1995 tuit,
243 1930 311 1978 ut
339 1920 402 1978 in
445 1918 674 1978 Christo
717 1939 965 1999 persona
1019 1916 1277 1975 humana
1317 1938 1450 1976 cum
1503 1917 1689 1978 divini
1724 1917 1896 1978 Verbi
1932 1941 2182 2001 persona

65 2013 521 2074 substantialiter
562 2014 1013 2093 conjungeretur
1034 2011 1066 2071 ’ἲ
1105 2013 1434 2094 Utrumque
1478 2034 1616 2073 sane
1661 2013 2010 2073 miraculum
2051 2025 2140 2074 est
2163 2060 2180 2091 ,

66 2106 171 2167 sed
209 2108 318 2167 hoc
367 2108 650 2189 posterius
689 2107 857 2168 valde
907 2107 1381 2182 convenientiuS.,
1433 2117 1561 2165 tum
1612 2108 1746 2190 quia
1789 2119 1930 2167 tunc
1978 2129 2181 2171 revera

69 2200 331 2260 Christus
370 2212 519 2260 esset
552 2201 841 2282 perfectus
881 2204 1035 2261 Deus
1073 2213 1134 2260 et
1179 2200 1356 2261 homo
1400 2202 1723 2283 perfectuS‚
1771 2203 1836 2261 6Ο
1881 2213 2011 2262 tum
2047 2204 2183 2286 quia

66 2299 411 2380 mysterium
436 2298 751 2357 rectissime
785 2297 1171 2379 explicaretur
1198 2341 1216 2372 a
1254 2297 1544 2380 simulque
1582 2297 1832 2358 absurda
1870 2299 2068 2358 omnia
2102 2298 2186 2360 vi-

138 2450 206 2514 (1)
250 2448 302 2498 S.
353 2448 553 2515 Cyrillus
573 2484 587 2509 ‚
642 2448 813 2514 Epist.
863 2447 927 2496 ad
978 2445 1086 2496 Cle-

71 2548 182 2580 rum
193 2529 765 2595 constantinopolitanum
781 2528 1062 2594 :Numquid
1074 2556 1094 2591 ‚-

74 2615 255 2679 inquit,
273 2613 360 2677 qui
386 2611 528 2660 illum
559 2611 1090 2675 (Nestorium)anteces-

75 2702 266 2757 serunt,
296 2694 525 2742 doctrinoe
535 2693 657 2758 fidei
671 2710 862 2760 operam
886 2709 984 2741 non
1009 2693 1089 2741 de·

77 2774 252 2823 derunt
276 2778 302 2822 ?
359 2775 617 2840 Numquid
677 2775 971 2840 eloquentior
1024 2784 1094 2822 est

77 2856 303 2906 Joanne?
339 2867 430 2906 etc.
470 2874 577 2922 opp.
615 2856 727 2906 edit.
768 2856 897 2905 Paris
942 2853 1089 2917 1638,

77 2948 195 2987 tom.
229 2956 277 2998 v,
322 2947 441 3003 part.
481 2954 510 2986 2
530 2975 543 2999 ,
578 2956 683 3004 pag.
727 2935 808 2987 35.
840 2936 889 2984 S.
926 2937 1093 2987 Coeles-

79 3022 203 3068 tinus
221 3057 235 3079 ‚
265 3018 436 3086 Epist.
467 3037 545 3067 xw
566 3057 579 3080 ‚
610 3022 779 3084 pariter
795 3019 880 3068 Ad
901 3018 1094 3068 Clerum

80 3110 123 3147 et
139 3100 377 3166 populum
398 3100 965 3167 constantinopolitanum
984 3122 998 3147 .·
1028 3101 1097 3151 Ut

23 3227 26 3233 ,
83 3196 114 3229 a
137 3183 480 3231 recentioribus
495 3218 512 3244 ‚
554 3182 714 3231 scribit
732 3218 745 3243 ,
779 3183 1059 3231 inchoemus
1075 3218 1092 3246 ‚

80 3260 202 3326 quid
215 3278 312 3310 non
324 3265 508 3312 animis
520 3266 688 3313 vestris
703 3264 909 3313 eruditio
920 3274 1098 3313 sanotae

89 3344 332 3390 memorioe
360 3342 598 3411 Episcopi
630 3344 845 3395 Joannis
873 3346 1064 3411 infudit
1080 3383 1095 3410 ,

88 3426 230 3490 cujus
256 3441 407 3473 sermo
442 3427 694 3476 adstruens
721 3428 1003 3478 catholicam
1029 3430 1099 3493 fi-

87 3505 191 3553 dem
209 3513 299 3554 toto
316 3506 424 3554 orbe
441 3507 648 3574 diffusus
670 3514 772 3558 est?
795 3509 931 3576 Apud
950 3510 1098 3559 Cous-

87 3595 215 3650 tant,
233 3586 394 3652 Epist.
414 3587 520 3636 RR.
534 3586 828 3654 Pontificum
843 3591 930 3640 col.
956 3608 973 3639 1
989 3608 1005 3640 1
1017 3589 1100 3654 34.

90 3667 182 3719 Sed
198 3686 350 3735 neque
362 3687 546 3720 necesse
561 3680 646 3734 est,
666 3681 718 3722 ut
731 3688 841 3722 cum
861 3672 1100 3722 nonnullis

1166 2448 1453 2512 suspicemur
1468 2456 1642 2496 textum
1661 2447 1790 2496 hunc
1804 2447 1856 2497 S.
1873 2446 2014 2497 Joan.
2033 2446 2187 2514 Chry-

1167 2531 1356 2577 sostomi
1387 2529 1526 2577 fuisse
1565 2539 1855 2594 corruptum.
1889 2528 1960 2578 De
1990 2529 2093 2579 hoc.
2129 2528 2183 2579 S.

1166 2609 1306 2659 Joan.
1337 2609 1651 2675 Chrysostomi
1679 2619 1809 2659 textu
1839 2611 1942 2659 duae
1975 2620 2187 2676 prostant

1168 2693 1504 2741 dissertationes
1529 2695 1580 2740 in
1613 2691 1862 2740 Thesauro
1885 2691 2076 2758 theoloq.
2097 2692 2187 2741 Za-

1171 2775 1365 2835 chariae,
1403 2783 1517 2822 tom.
1555 2791 1606 2821 ix
1628 2811 1642 2832 ‚
1681 2790 1878 2840 quarum
1927 2774 2068 2823 altera
2111 2776 2188 2823 in·-

1172 2856 1387 2905 scribitur
1416 2872 1430 2904 :
1452 2851 1514 2904 Ρ.
1541 2854 1783 2904 Gabrielis
1799 2853 2032 2903 Danielis
2046 2852 2108 2904 S.
2128 2854 2183 2904 J.

1172 2938 1440 2986 dissertatio
1480 2937 1537 2986 de
1569 2936 1785 3003 judiciis
1822 2937 2102 2984 criticorum
2143 2943 2188 2984 et

1172 3021 1349 3086 nuperi
1390 3021 1663 3085 interpretis
1700 3017 1870 3082 qallici
1910 3034 2056 3083 super
2090 3015 2189 3066 loco

1174 3102 1227 3152 S.
1251 3102 1577 3166 Chrysostomi
1601 3116 1659 3148 ex
1687 3099 1812 3147 hom.
1843 3117 1898 3147 111
1919 3137 1933 3160 ‚
1967 3101 2024 3147 in
2053 3100 2187 3166 epist.

1173 3182 1238 3232 ad
1283 3183 1439 3232 Hebr.
1492 3182 1579 3230 ubi
1622 3180 1868 3230 nonnullis
1915 3183 2189 3230 nestoriano

1173 3282 1302 3314 more
1327 3264 1458 3329 loqui
1485 3265 1619 3311 visus
1648 3264 1750 3324 est5
1774 3263 1912 3312 altera
1934 3279 2039 3312 vero
2066 3280 2081 3311 ε
2106 3261 2191 3311 De

1176 3347 1412 3395 sententia
1435 3343 1503 3392 B.
1524 3343 1669 3392 Joan.
1689 3343 2016 3410 Chrysostomi
2031 3343 2190 3408 quoad

1176 3427 1298 3476 duas
1325 3429 1383 3475 in
1414 3424 1603 3475 Christo
1619 3407 1851 3492 personas
1873 3462 1888 3490 ,
1916 3425 2191 3474 dissertatio

1179 3508 1373 3574 anatii
1409 3507 1670 3557 Tentscher
1698 3526 1723 3558 e
1748 3507 1858 3558 Soc.
1890 3508 2034 3559 Jesu.

1248 3590 1317 3654 (2)
1351 3589 1418 3638 Ita
1460 3591 1653 3656 quidem
1696 3590 1834 3658 Bayle
1859 3629 1873 3655 ‚
1919 3587 2053 3640 Dice.
2098 3598 2189 3640 art.

1179 3669 1426 3737 Pyrrhon,
1455 3688 1568 3722 rem.
1595 3671 1650 3722 B.
