2534 4088
338 154 456 216 238
1000 172 1194 209 TRACT.
1245 172 1313 208 nn
1357 174 1798 213 meanwariomi.

337 320 411 380 de
449 317 714 378 unitione
753 325 1107 373 naturarum
1149 336 1214 374 ac
1253 314 1326 376 de
1364 317 1788 379 Incarnationis
1823 320 2139 401 mysteri0‚
2170 331 2231 381 et
2270 322 2471 386 divina

335 427 546 475 natura
596 432 765 494 passa
814 421 874 469 et
926 421 1159 470 mortua
1211 423 1400 487 essett,
1454 436 1584 497 quae
1638 417 1835 476 omnia
1877 428 1937 476 et
1983 415 2099 476 fide
2143 428 2203 476 et
2246 420 2470 480 ratione

333 509 742 593 repudiantur.
1950 507 1952 509 ’

414 605 556 664 433.
592 606 726 664 Non
743 601 998 686 denique
1012 609 1454 685 compositione,
1472 606 1799 685 cujusmodi
1813 608 2107 691 reperitur
2124 609 2186 667 in
2206 609 2465 670 humana

332 713 542 762 natura
563 746 580 775 ,
618 721 746 782 quae
781 721 854 760 ex
884 698 1209 759 substantia
1234 700 1523 783 spirituali
1558 713 1618 762 et
1642 724 1921 785 corporea
1958 704 2227 764 coalescit
2251 752 2266 781 .,
2293 719 2472 788 prout

324 804 450 878 jam
493 796 607 856 fert
667 795 996 855 communis
1043 796 1543 876 Eutychianorum
1584 798 1878 857 sententia
1913 823 1929 873 ς
1974 820 2112 860 sane
2159 800 2292 859 ideo
2342 800 2473 861 duae

330 893 674 954 substantiae
717 903 1077 952 concurrunt
1125 892 1201 951 ad
1246 915 1428 952 unam
1471 893 1728 953 hominis
1781 906 2064 955 naturam
2105 898 2471 957 constituen-

331 989 472 1049 dam
492 1035 509 1065 ‚
548 989 685 1071 quia
713 999 925 1048 neutra
958 988 1021 1047 in
1053 1010 1113 1048 se
1143 989 1399 1072 perfecta
1439 1001 1527 1049 est
1554 993 1615 1048 in
1646 990 1873 1050 ratione
1907 1002 2138 1050 naturae
2159 1037 2175 1066 a
2206 991 2310 1052 sed
2334 1006 2473 1052 sunt

328 1085 439 1145 sibi
460 1085 715 1146 invicem
738 1084 1092 1144 coordinatae
1118 1085 1193 1144 ad
1216 1085 1509 1165 integram
1532 1097 1808 1145 naturam
1839 1086 2287 1147 efformandam.
2321 1089 2473 1147 Hinc

330 1185 529 1244 anima
555 1204 678 1241 non
703 1193 792 1241 est
814 1180 995 1240 homo
1011 1226 1026 1255 ,
1049 1202 1244 1263 neque
1268 1180 1446 1240 homo
1472 1203 1574 1241 seu
1593 1194 1803 1241 natura
1825 1182 2087 1243 humana
2114 1195 2202 1243 est
2228 1204 2436 1266 corpus
2455 1231 2470 1259 ,

329 1291 390 1341 et
430 1300 549 1338 una
589 1299 725 1360 pars
769 1275 952 1336 altera
997 1275 1221 1356 indiget
1265 1275 1342 1335 ad
1387 1287 1582 1335 totum
1619 1276 1769 1337 illud
1801 1278 2130 1359 perfectum
2167 1300 2474 1362 unumque

328 1372 809 1436 constituendum
833 1419 849 1449 a
893 1370 1054 1454 quod
1080 1371 1343 1431 humana
1379 1382 1591 1432 natura
1620 1383 1730 1433 est.
1779 1374 1997 1433 Contra
2041 1396 2180 1435 vero
2223 1386 2473 1457 utraque

327 1482 539 1531 natura
575 1470 640 1528 in
676 1468 909 1528 Christo
942 1468 1170 1549 integra
1211 1479 1334 1542 est,
1372 1468 1630 1551 perfecta
1668 1479 1845 1551 atque
1885 1470 1949 1528 in
1986 1470 2215 1530 ratione
2246 1482 2474 1531 naturae

327 1567 620 1650 completa
640 1613 656 1645 ᾖ
676 1587 785 1625 nec
812 1565 995 1625 altera
1027 1577 1240 1625 natura
1270 1576 1547 1624 naturam
1574 1564 1820 1624 alteram
1844 1576 1911 1624 ut
1932 1577 2164 1647 partem
2185 1566 2467 1648 postulat7

325 1676 393 1724 ut
425 1664 560 1725 talis
585 1664 678 1722 sit.
709 1661 1012 1745 Siquidem
1041 1673 1251 1721 natura
1284 1661 1486 1723 divina
1511 1673 1634 1720 tota
1661 1661 1725 1720 in
1749 1682 1809 1720 se
1840 1661 2094 1741 perfecta
2125 1674 2246 1738 est,
2277 1684 2471 1745 neque

327 1772 415 1822 est
452 1759 721 1821 ordinata
759 1758 834 1819 ad
875 1757 1051 1818 aliam
1092 1758 1485 1818 substantiam
1508 1803 1524 1834 ‚
1577 1768 1645 1816 ut
1676 1768 1956 1817 naturam
2001 1758 2355 1839 constituat3
2393 1760 2473 1818 sic

325 1858 503 1917 etiam
538 1867 752 1916 natura
788 1855 1051 1915 humana
1079 1855 1143 1914 in
1171 1877 1232 1915 se
1270 1855 1529 1937 perfecta
1561 1864 1687 1926 est,
1721 1875 1830 1913 nec
1867 1853 1979 1913 alia
2018 1853 2344 1913 substantia
2384 1855 2472 1914 in-

325 1953 483 2035 diget
503 2000 519 2030 .‚
551 1966 620 2013 ut
654 1964 929 2013 naturam
957 1953 1178 2035 pariter
1207 1951 1439 2011 efficiat.
1477 1951 1627 2008 Hinc
1659 1949 1856 2010 anima
1892 1961 1952 2009 et
1987 1971 2196 2031 corpus
2222 1951 2381 2008 inter
2408 1972 2470 2009 se

325 2052 478 2110 coire
514 2049 735 2110 debent
769 2048 846 2108 ad
877 2059 1191 2119 naturam,
1229 2068 1359 2129 quae
1403 2046 1665 2128 humana
1708 2044 1922 2104 dicitur
1960 2057 2020 2104 et
2060 2044 2170 2104 sub
2205 2045 2316 2104 hoc
2343 2066 2468 2104 res—

325 2158 502 2230 pectu
529 2145 781 2228 simplex
806 2156 865 2205 et
895 2143 1203 2204 individua
1228 2154 1316 2203 est
1333 2188 1349 2218 ‚
1389 2140 1864 2202 constituendam
1887 2166 1903 2215 ς
1936 2141 2212 2202 divinitas
2239 2162 2380 2202 vero
2409 2153 2470 2201 et

323 2243 660 2303 humanitas
680 2287 696 2316 ‚
723 2251 931 2323 utpote
955 2240 1228 2322 persectae
1253 2250 1312 2299 et
1351 2239 1413 2297 in
1443 2238 1672 2297 ratione
1710 2248 1936 2296 naturae
1978 2237 2283 2319 completae
2301 2283 2316 2312 ,
2359 2258 2469 2296 ne—

324 2350 551 2422 queunt
576 2349 863 2420 tanquam
894 2348 1091 2418 partes
1121 2337 1278 2395 inter
1312 2356 1373 2394 se
1409 2334 1685 2416 componi
1722 2334 1800 2393 ad
1842 2355 2024 2393 unam
2062 2346 2340 2393 naturam
2378 2334 2467 2393 ef-

322 2435 659 2506 ficiendam,
688 2455 818 2515 quae
836 2434 897 2492 in
915 2431 1167 2492 absurda
1192 2430 1622 2514 Acephalorum
1646 2430 1982 2512 hypothesi,
2003 2452 2111 2490 neo
2131 2431 2334 2492 divina
2357 2451 2467 2489 nec

322 2532 584 2593 humana
634 2531 815 2608 foret,
864 2550 929 2590 ac
968 2541 1281 2613 propterea
1325 2527 1593 2587 Christus
1638 2547 1748 2587 nec
1797 2529 1951 2587 Deus
1996 2548 2105 2587 nec
2142 2527 2322 2586 homo
2371 2546 2463 2584 es-

322 2641 412 2689 set
437 2630 549 2709 (l).

403 2723 544 2785 434.
577 2724 710 2785 Sive
733 2723 910 2802 igitur
925 2724 1124 2798 Saccas
1155 2722 1481 2803 Scripturas
1501 2765 1517 2794 ,
1540 2719 1663 2781 sive
1702 2719 2041 2778 universam
2063 2717 2462 2797 traditionem,

324 2819 448 2881 sive
486 2819 731 2880 demum
758 2818 1080 2899 theologica
1115 2817 1403 2901 principia
1445 2814 1847 2891 consulamus,
1886 2826 2154 2890 constat,
2194 2815 2354 2897 quod
2385 2816 2460 2876 ab

324 2915 494 2982 initio
531 2914 976 2999 proposuimu5.,
1017 2913 1161 2973 duas
1200 2935 1325 2974 esse
1362 2914 1426 2973 in
1455 2912 1691 2973 Christo
1723 2923 1964 2972 naturas
2009 2912 2299 2991 integraS,
2341 2911 2461 2970 dis-

327 3013 539 3072 tinctas
561 3057 579 3088 ,
611 3010 946 3071 inconfusas
989 3021 1165 3091 atque
1200 3010 1629 3091 impermixtas.

1157 3200 1648 3242 DIFFICULTATES.

409 3343 547 3403 435.
596 3341 728 3421 Obj.
762 3344 972 3425 prima.
1004 3343 1213 3402 Totam
1252 3338 1676 3399 Incarnationis
1703 3326 2096 3397 oeconomiam
2122 3335 2462 3418 complexus

328 3452 417 3502 est
446 3441 704 3500 Joannes
725 3484 741 3513 ,
775 3441 830 3514 Ι,
866 3438 940 3498 14
962 3485 978 3515 ,
1023 3436 1281 3498 scribens
1311 3457 1325 3494 :
1366 3437 1428 3494 1ο
1477 3435 1740 3496 Verbum
1771 3454 1912 3492 caro
1949 3437 2193 3513 factum
2225 3443 2309 3492 est
2331 3477 2352 3505 ,
2393 3433 2461 3489 20

397 3619 460 3683 (1)
494 3619 594 3669 Cfr.
623 3618 782 3668 Petav.
824 3617 907 3665 lib.
947 3635 1001 3665 ιιι
1022 3656 1035 3679 ,
1068 3635 1199 3683 capp.
1226 3613 1291 3678 8,
1319 3632 1353 3683 9
1437 3614 1525 3662 lib.
1559 3631 1606 3663 ιν
1628 3652 1641 3674 ,
1674 3631 1777 3679 cap.
1816 3611 1917 3678 353
1955 3625 1997 3662 et
2038 3631 2091 3661 ιιι
2126 3621 2245 3678 part.
2296 3629 2345 3676 q.
2391 3626 2426 3655 11
2447 3645 2459 3667 ‚

327 3711 372 3750 et
408 3714 494 3762 103
527 3718 616 3751 nec
640 3718 738 3750 non
767 3698 819 3748 S.
852 3699 1024 3748 Thom.
1053 3698 1194 3748 Com.
1218 3705 1352 3762 yem.
1438 3707 1519 3745 art.
1563 3712 1606 3744 1.
