2534 4088
303 148 422 208 274
986 165 1179 201 rnAc'r.
1228 165 1295 200 nn
1340 164 1781 203 INGARNATIONE.

306 314 500 394 ipsum
525 309 750 367 cultum
775 317 831 366 et
857 306 918 362 in
943 303 1195 363 cultores
1221 304 1424 364 Cordis
1450 308 1611 365 Jesu.
1649 309 1788 367 Haec
1812 320 2011 367 autem
2038 307 2303 368 doctrina
2338 332 2457 369 non

305 407 386 465 ita
428 402 657 486 pridem
698 423 729 459 a
770 399 1138 459 schismatico
1179 400 1463 482 Episcopo
1489 404 1839 479 janseniano
1883 415 2152 462 revocata
2198 416 2319 481 est
2357 407 2456 487 qui

301 502 456 559 inter
484 496 757 556 sectarios
796 506 1062 555 recenset
1085 494 1216 554 illos
1255 493 1472 555 Christi
1507 496 1744 575 fideles
1788 499 1887 580 qui
1915 498 2118 561 divino
2148 499 2310 558 cultu
2344 502 2455 559 Cm

306 599 445 656 Jesu
481 604 925 676 prosequuntm
959 592 1070 674 (1).

385 685 529 751 519.
558 691 637 748 Ut
657 710 996 770 germanam
1024 700 1338 770 propterea
1362 687 1635 748 Ecclesiae
1659 689 1990 750 doctrinam
2015 692 2162 751 circa
2194 690 2456 751 debitam

310 788 544 848 Christo
575 787 977 846 adorationem
1011 797 1319 859 tueamur,
1346 786 1463 845 duo
1489 785 1921 868 praestabimus·
1955 789 2150 848 Primo
2175 789 2456 849 ostende-

306 905 436 943 mus
470 883 754 945 adversus
781 882 1096 943 recensitos
1127 881 1432 942 haereticos
1463 905 1583 941 uno
1615 881 1941 964 eodemque
1970 877 2245 966 supremo
2272 884 2453 944 latriae

307 980 464 1040 cultu
501 1001 635 1039 cum
669 978 858 1038 Verbo
899 978 1104 1039 divino
1139 978 1466 1059 humanam
1501 979 1717 1038 Christi
1747 990 2020 1039 naturam
2061 1002 2182 1039 esse
2214 979 2457 1039 adoran-

314 1077 470 1136 dam.
516 1076 742 1136 Deinde
765 1076 1049 1135 adversus
1079 1075 1461 1135 Pistorienses
1496 1097 1560 1133 ac
1605 1076 1967 1135 Jansenistas
1996 1075 2253 1158 reliquos
2290 1075 2453 1136 Sedis

310 1172 675 1255 Apostolicae,
702 1193 830 1254 quae
853 1171 1079 1231 cultum
1105 1170 1310 1236 Cordis
1331 1172 1470 1230 Jesu
1498 1169 1794 1253 probavit
1826 1171 2104 1232 vindicias
2128 1193 2451 1244 sumemus³

301 1268 685 1328 ostendentes
708 1267 994 1346 ejusmodi
1019 1266 1246 1326 cultum
1271 1267 1433 1325 omni
1451 1267 1885 1348 superstitionis
1913 1267 2045 1328 labe
2069 1290 2192 1329 esse
2216 1289 2452 1351 prorsus

303 1365 654 1423 immunem

1110 1543 1525 1597 PROPOSITIO
1603 1544 1649 1596 1.
1689 1596 1696 1603 .

315 1689 443 1749 Uno
485 1690 798 1768 eodemque
841 1709 1122 1767 supremo
1166 1690 1366 1749 latrice
1410 1690 1581 1747 culta
1623 1687 1904 1747 humana
1953 1688 2188 1748 Christi
2202 1698 2459 1747 *natura

388 1785 709 1844 adoranda
766 1795 850 1843 est
901 1784 1044 1843 cum
1097 1785 1286 1844 Verbo
1338 1785 1593 1871 divine,
1641 1806 1779 1844 cum
1822 1806 1939 1864 quo
1983 1795 2072 1845 est·
2107 1785 2464 1865 hypostatice

390 1886 731 1962 conjuncta.
1602 1885 1622 1895 ⁶
2015 1872 2024 1880 ⁵

390 2074 533 2132 520.
584 2073 911 2156 Propositio
949 2073 1071 2132 haec
1109 2084 1198 2132 est
1239 2072 1312 2133 de
1352 2073 1509 2147 fide3
1552 2072 2000 2132 contradictoria
2041 2071 2202 2131 enirn
2241 2092 2459 2154 propo-

250 2197 264 2212 ’-
307 2171 441 2229 sitio
472 2170 796 2252 proscripta
828 2181 917 2229 est
953 2171 1017 2228 in
1055 2169 1315 2229 Concilio
1344 2169 1599 2250 generali
1625 2171 1697 2243 V,
1727 2190 1949 2228 canone
1984 2170 2093 2244 IX,
2134 2168 2223 2226 his
2262 2166 2458 2227 verbis

305 2277 592 2348 concepto
614 2312 629 2342 ,
649 2270 818 2345 juxta
852 2265 1184 2326 versionem
1212 2266 1619 2326 Lateranensis
1640 2256 1860 2346 Synodi
1891 2288 1903 2323 ι
1935 2266 2008 2324 Si
2031 2256 2463 2346 qaisadorari

307 2366 375 2420 in
416 2362 662 2421 duabus
708 2366 957 2421 naturis
994 2363 1149 2421 dicit
1194 2362 1505 2422 Christum
1538 2409 1554 2438 ,
1596 2384 1668 2421 ea·
1716 2383 1832 2443 quo
1876 2362 2033 2420 duas
2076 2362 2457 2420 adorationes

307 2459 746 2531 introducunt,
787 2463 1057 2518 semotim
1112 2461 1235 2520 Deo
1287 2461 1474 2521 Verbo
1518 2471 1573 2518 et
1621 2464 1890 2518 semotim
1929 2459 2200 2530 homini3
2247 2467 2360 2516 aut
2399 2460 2459 2514 si

302 2558 445 2632 quis
476 2555 563 2613 ad
589 2543 1069 2636 peremptionem
1106 2560 1315 2615 carnis
1337 2599 1358 2628 ,
1402 2567 1517 2614 aut
1561 2556 1648 2614 ad
1676 2558 2091 2636 confusionem
2126 2555 2368 2611 deitatis
2403 2562 2459 2609 et

301 2650 709 2710 humanitatis
728 2697 743 2724 ‚
772 2674 970 2711 unam
998 2663 1290 2711 naturam
1317 2657 1437 2710 sive
1461 2656 1779 2711 essentiam
1810 2654 2295 2709 convenientium
2315 2668 2457 2728 por-

301 2755 514 2803 tentose
547 2747 786 2818 dicens,
834 2752 920 2805 sic
960 2749 1180 2807 adorat
1224 2749 1559 2821 Christum,
1602 2748 1708 2806 sed
1758 2768 1882 2806 ‘non
1927 2769 2058 2805 una
2095 2746 2450 2805 adoratione
2484 2800 2487 2802 ,

302 2841 506 2900 Deum
546 2841 810 2903 Verbum
840 2848 1241 2903 incarnatum
1267 2866 1408 2904 cum
1437 2848 1568 2924 ejus
1596 2865 1780 2903 carne
1812 2844 2064 2914 adorat,
2075 2847 2269 2922 juxta
2292 2839 2456 2919 quod

300 3076 463 3140 {jasius
496 3090 644 3123 carne
670 3074 909 3123 adoratur
939 3079 952 3139 (
976 3093 1033 3123 ex
1067 3074 1278 3124 Concilio
1310 3095 1337 3124 v
1422 3077 1552 3140 tique
1580 3075 1663 3124 des
1683 3075 1926 3124 devotione
1954 3073 2194 3122 nouvelles
2218 3091 2286 3123 au
2317 3082 2451 3125 sacre

293 3157 498 3221 generali
518 3194 531 3216 ‚
550 3175 662 3206 can.
695 3175 740 3205 ix
756 3158 792 3220 )‚
813 3157 945 3224 falsa
963 3196 975 3216 ‚
998 3160 1243 3224 captiosa,
1277 3175 1335 3207 ae
1426 3157 1571 3205 Coeur
1598 3157 1655 3206 de
1679 3157 1827 3206 Jesus
1852 3165 1897 3204 et
1918 3174 1985 3205 au
2008 3173 2138 3205 coeur
2160 3157 2217 3205 de
2245 3158 2413 3208 Maria
2434 3198 2446 3220 ‚

299 3237 456 3286 debito
497 3238 659 3287 cultui
706 3239 1030 3289 humanitatis
1076 3240 1265 3288 Chr-isti
1305 3257 1336 3287 a
1420 3238 1546 3288 Paris
1573 3237 1721 3289 1828.
1758 3240 1813 3287 ln
1844 3256 1939 3305 quo
1974 3242 2155 3304 capite,
2187 3243 2309 3289 utin
2341 3242 2448 3307 plu-

292 3319 515 3384 fidelibus
558 3324 779 3386 praestito
825 3341 883 3372 ac
915 3322 1199 3390 proestando
1251 3320 1335 3370 de·
1419 3322 1549 3370 ribus
1563 3322 1664 3370 aliis
1680 3356 1696 3382 ‚
1726 3331 1899 3370 certare
1917 3324 2038 3370 inter
2059 3340 2106 3371 se
2128 3323 2345 3372 videntur
2364 3324 2451 3373 fal-

299 3402 495 3451 trahens
510 3438 526 3464 ,
573 3412 618 3452 et
647 3405 950 3470 injuriosa...
1421 3406 1603 3465 sitateS‚
1628 3404 1899 3467 calumniae,
1922 3405 2192 3468 mendacia,
2218 3424 2320 3472 quae
2338 3423 2448 3455 auc-

381 3487 454 3550 (l)
492 3485 726 3552 Gregoire‚
748 3491 913 3536 ancien
927 3490 1102 3556 eveque
1118 3488 1176 3538 de
1190 3487 1338 3549 Blois,
1421 3493 1498 3535 tor
1515 3525 1528 3548 ,
1551 3487 1658 3535 licet
1674 3489 1847 3535 centies
1869 3490 2060 3552 protrita
2076 3526 2090 3550 ‚
2112 3505 2164 3537 ac
2181 3490 2219 3537 si
2240 3490 2444 3555 primum

310 3565 533 3617 Histoire
557 3569 638 3618 des
658 3577 800 3617 sectos
814 3568 1091 3637 reliqieuses
1109 3608 1123 3632 ,
1144 3571 1226 3621 liv.
1249 3588 1304 3618 ιιι
1323 3607 1337 3631 ,
1422 3588 1447 3619 a
1470 3587 1517 3619 se
1548 3570 1847 3635 proferantur
1867 3607 1879 3631 ‚
1912 3572 1961 3618 in
1975 3564 2201 3620 'medium
2235 3570 2443 3620 adducit.

302 3648 378 3697 ch.
421 3666 483 3699 20
504 3690 517 3713 ‚
554 3651 853 3714 Cordieoles‚
884 3669 946 3701 ou
984 3652 1205 3703 Histoire
1240 3654 1338 3701 cri-
