2534 4088
378 228 535 262 PART.
585 228 621 263 1.
667 226 788 263 CAP.
839 226 876 260 Ι.
925 225 990 260 DR
1035 224 1240 261 MESSIAE
1284 224 1495 261 PROBUS.
1544 225 1609 261 ΕΤ
1654 224 1876 262 ΕΧΡΕΟΤ.
2175 209 2208 264 7

114 367 304 447 pium,
336 365 623 424 unanimis
640 376 699 424 et
724 385 960 424 concors
982 365 1272 424 sententia
1286 365 1461 424 fuerit
1485 365 1630 424 circa
1648 365 1863 424 Messiae
1877 365 2207 426 articulum.

113 462 264 520 Hinc
287 459 500 521 factum
529 460 746 541 pariter
772 469 858 520 est
878 504 893 533 ,
925 471 990 537 ut
1033 459 1414 534 Samaritam,
1444 460 1553 519 etsi
1582 458 1752 539 longe
1794 470 1931 519 ante
1960 461 2205 542 captivi-

111 567 292 615 tatem
337 552 741 637 babylonicam
790 575 821 613 a
858 553 1087 632 judaica
1129 552 1287 615 tribu
1328 553 1548 612 fuerint
1582 555 1868 635 separati,
1910 575 2020 619 nec
2057 555 2198 615 alios

109 648 284 708 libros
321 658 533 730 praeter
573 647 1034 708 Pentateuchum
1061 693 1078 724 ‚
1123 659 1191 708 ut
1223 646 1514 729 plerisque
1559 647 1768 708 saltem
1805 648 2046 713 eruditis
2083 649 2210 730 pla-

109 754 199 803 cet
220 742 310 825 (l)
333 787 350 817 ‚
382 753 662 824 tanquam
701 765 889 802 sacros
914 742 1254 803 admiserint
1273 785 1288 815 ‚
1317 751 1581 804 attamen
1615 752 1674 801 et
1695 742 1803 823 ipsi
1833 742 1947 805 fide
1973 744 2037 809 in
2068 746 2211 804 Mes-

107 838 248 896 siam
277 838 628 920 promissum
662 838 1062 915 nutrirentur,
1089 846 1154 894 ut
1183 845 1349 917 patet
1371 855 1442 894 ex
1466 836 1637 894 Joan.
1680 837 1777 910 lv,
1811 836 1993 897 25-29
2026 849 2086 898 et
2113 837 2209 897 42.

108 933 257 991 Hinc
290 932 531 992 demum
566 932 783 991 factum
812 941 932 1005 est,
974 941 1039 988 ut
1073 951 1263 1011 neque
1295 928 1558 988 Christus
1580 950 1773 1010 neque
1802 930 2061 1010 Apostoli
2093 931 2213 992 dis-

106 1039 313 1108 putare
344 1027 489 1085 circa
530 1024 809 1104 ejusmodi
833 1024 1276 1106 promissionem
1295 1034 1394 1082 aut
1423 1023 1887 1106 expectationem
1902 1024 2214 1106 aliquando

109 1121 446 1192 debuerint3
478 1141 608 1180 cum
638 1117 908 1179 omnibus
933 1139 998 1177 ea
1023 1128 1190 1178 aetate
1207 1139 1546 1200 persuasum
1566 1117 1741 1176 fuerit
1781 1162 1795 1193 ‚
1820 1129 1944 1176 tum
1971 1122 2214 1200 promis-

109 1229 236 1274 sum
263 1237 294 1274 a
321 1218 440 1275 Deo
472 1214 739 1274 Messiam
766 1213 934 1272 fuisse
955 1258 971 1286 ,
1001 1224 1126 1273 tum
1154 1212 1437 1291 ejusmodi
1465 1211 1910 1294 promissionem
1946 1214 2211 1272 omnium

34 1383 37 1387 ⁴
110 1298 690 1386 votorumobJectum
722 1307 924 1382 fuisse3
959 1317 1022 1366 ut
1053 1329 1122 1367 ex
1146 1306 1262 1369 levi
1293 1307 1441 1368 Novi
1466 1307 1824 1367 Testamenti
1853 1307 2212 1388 inspectione

105 1414 465 1484 compertum
499 1404 585 1462 fit.

188 1497 283 1556 13.
331 1497 484 1557 Adeo
531 1519 667 1559 vero
694 1497 1030 1579 pervulgata
1071 1507 1195 1557 erat
1233 1496 1359 1556 haec
1400 1496 1740 1557 Judaeorum
1774 1497 2104 1580 persuasiO,
2150 1509 2214 1556 ut

103 1591 495 1674 percrebuerit
504 1613 609 1674 per
628 1614 829 1653 omnes
854 1593 1114 1672 regiones
1139 1591 1446 1652 orientales
1466 1617 1481 1666 ς
1501 1591 1562 1650 id
1586 1603 1877 1652 testantur
1896 1592 2208 1652 Suetonius

104 1697 163 1746 et
188 1688 431 1746 Tacitus.
475 1688 636 1746 Prior
660 1687 820 1747 enim
850 1686 1048 1746 scribit
1085 1709 1097 1746 :
1134 1688 1567 1746 Percrebuerat
1600 1693 1823 1746 oriente
1862 1696 1972 1747 toto
1992 1732 2008 1761 a
2055 1697 2216 1745 vetus

102 1793 158 1840 et
178 1792 451 1841 constans
477 1785 680 1861 opinio
701 1825 724 1854 ,
751 1804 864 1841 esse
902 1787 969 1840 in
999 1785 1152 1860 fatis
1165 1825 1186 1853 ,
1214 1792 1286 1840 ut
1325 1803 1386 1841 eo
1414 1792 1669 1862 tempore
1707 1781 1930 1842 Judoea
1954 1784 2220 1861 profecti

102 1897 311 1935 rerum
344 1881 696 1956 potirentur
728 1875 835 1957 (2).
870 1875 1032 1936 Alter
1072 1897 1207 1937 vero
1248 1898 1260 1933 ε
1306 1876 1606 1935 Pluribus
1628 1882 1941 1954 persuasio
1968 1880 2212 1948 inerat,

100 1970 313 2052 inquit,
336 1974 602 2050 antiquis
613 1972 982 2038 sacerdotum
998 1974 1187 2029 literis
1211 1974 1529 2045 contineri,
1556 1991 1616 2029 eo
1638 1975 1766 2050 ipso
1792 1981 2046 2050 tempore
2055 1973 2188 2049 fore
2190 2014 2211 2042 ,

103 2076 172 2123 ut
201 2067 505 2124 valesceret
540 2070 738 2124 oriens
763 2109 785 2137 ,
820 2069 1190 2145 profectique
1228 2066 1278 2125 J
1279 2066 1452 2124 udaea
1487 2086 1698 2124 rerum
1729 2071 2073 2144 potirentur
2106 2065 2213 2146 (3).

106 2161 294 2231 Quare
318 2170 619 2241 receptum
645 2170 769 2219 erat
799 2181 870 2222 ex
894 2161 1135 2242 antiqua
1154 2158 1468 2219 traditione
1491 2158 1639 2217 illud
1663 2159 1927 2238 gentium
1952 2160 2217 2218 omnium

104 2252 472 2311 orientalium
501 2253 797 2335 theologiae
821 2255 1172 2336 principium
1214 2254 1285 2314 de
1315 2254 1646 2313 mediatoris
1672 2253 1910 2332 alicujus
1945 2265 2216 2336 expecta-

105 2346 262 2405 tione
305 2346 379 2405 ad
421 2347 826 2427 perturbatum
868 2348 1136 2409 ordinem
1174 2350 1330 2408 inter
1360 2351 1548 2408 Deum
1578 2360 1636 2408 et
1672 2370 1850 2429 genus
1883 2349 2212 2408 humanum

106 2440 552 2498 restituendum.
594 2444 971 2521 Quapropter
992 2488 1009 2519 ‚
1045 2444 1237 2524 inquit
1266 2443 1606 2502 Plutarchus
1628 2488 1643 2518 ,
1689 2454 1744 2502 et
1782 2448 2215 2524 antiquissima

102 2535 224 2593 lioec
245 2535 543 2595 descendit
560 2557 630 2594 ea·
655 2537 923 2617 theoloyi's
944 2547 998 2594 et
1025 2538 1465 2616 leyi'slatoribus
1491 2548 1620 2597 tum
1650 2539 1740 2596 ad'
1748 2548 1953 2617 poetas
1970 2549 2102 2596 tum
2130 2541 2216 2597 ad

100 2630 469 2710 philosophos
495 2635 732 2710 opinio,
755 2653 889 2710 quoe
914 2653 953 2690 a
976 2633 1141 2689 nullo
1166 2642 1317 2690 certo
1340 2642 1576 2690 auctore
1605 2632 1778 2690 babet
1785 2636 2178 2711 principium
2196 2678 2211 2706 7

99 2729 552 2804 persuasionem
574 2736 771 2784 autem
791 2727 1042 2804 firmam
1066 2736 1120 2784 et
1139 2727 1534 2798 indelebilem,
1553 2748 1735 2805 neque
1750 2733 1815 2785 in
1833 2729 2211 2787 sermonibus

109 2829 348 2877 tantum
366 2865 381 2894 ‚
410 2841 597 2898 neque
618 2826 688 2878 in
713 2821 1182 2892 traditionibus,
1209 2822 1311 2879 sed
1322 2826 1390 2879 in
1413 2826 1717 2899 mysteriis
1736 2831 1790 2879 et
1810 2824 1880 2879 in
1899 2824 2218 2901 sacrificiis

110 2923 166 2970 et
209 2915 379 2991 apud
434 2915 730 2974 barbaros
773 2926 828 2974 et
871 2917 1044 2994 apud
1077 2909 1298 2995 yroecos
1348 2918 1556 2975 multis
1595 2919 1663 2974 in
1718 2919 1857 2975 locis
1890 2919 2217 2998 pervulga-

112 3017 236 3064 tam
257 3052 273 3081 ,
306 3018 413 3067 etc.
446 3007 575 3091 (4),
612 3030 827 3091 nempe
857 3009 929 3069 de
960 3010 1286 3069 Mediatore
1328 3010 1481 3069 inter
1516 3009 1631 3068 duo
1674 3010 1955 3091 principia
1985 3055 2000 3086 ‚
2042 3033 2217 3093 quem

147 3198 217 3262 (1)
240 3198 338 3247 cfr.
358 3197 498 3249 Joan.
519 3198 746 3258 Mon-inus,
765 3198 1135 3253 Exercitatioou
1273 3200 1339 3264 (3)
1375 3199 1517 3249 Hice.
1546 3199 1632 3249 lib.
1667 3219 1694 3250 v
1712 3238 1726 3262 ‚
1757 3218 1858 3267 cap.
1902 3203 1977 3250 13.

111 3277 421 3329 ecclesiasten
435 3287 689 3345 utrumque
703 3282 1122 3333 Samaritanorum
1180 3338 1182 3341 .
1276 3282 1341 3347 (4)
1380 3279 1459 3330 Διὲ
1488 3281 1566 3331 καὶ
1589 3279 1894 3345 παμπάλαιος
1923 3278 2039 3337 aez‘a’rq'
2067 3282 2217 3332 >calvu-

115 3357 523 3420 Pentateuckum‚
567 3362 708 3411 Paris.
748 3360 864 3411 163¹
894 3378 913 3423 ,⁸
939 3364 1122 3413 Exerci-
1205 3384 1271 3412 cm
1310 3365 1360 3412 ἐκ
1394 3361 1622 3423 θεολέγω
1651 3362 1729 3414 καὶ
1765 3368 2016 3428 νομοθετῶ
2061 3365 2119 3416 εἴς
2159 3385 2209 3413 τι

117 3449 193 3488 tat.
227 3459 243 3488 x
263 3477 277 3502 ‚
324 3441 350 3508 §
381 3439 413 3490 8
437 3459 451 3506 ς
485 3443 604 3491 Jahn
623 3481 637 3503 ,
678 3442 1013 3511 Arclaaeoloqia
1046 3446 1122 3494 bi·
1204 3443 1396 3501 menra's
1418 3443 1494 3495 καὶ
1519 3445 1787 3508 (panea-loon
1815 3446 1949 3508 ἂέξοι,
1969 3442 2047 3500 τὼ
2068 3443 2212 3513 οἱρχνῘν

117 3518 240 3568 blica
259 3558 272 3580 ‚
299 3523 489 3572 Viennae
525 3522 648 3588 1814
667 3563 680 3586 ,
714 3525 740 3592 §
770 3525 881 3574 326.
1199 3526 1461 3579 dbia-nour
1490 3524 1685 3591 ἔχουσαι,
1712 3527 1790 3585 τήν
1815 3526 1875 3579 δὲ
1904 3526 2055 3579 πίε-τιν
2077 3532 2213 3591 ἰτχυ·

186 3603 252 3665 (2)
286 3602 477 3655 Sueten.
506 3609 553 3654 in
583 3603 785 3673 Vespa-3.
806 3626 906 3675 cap.
935 3606 1114 3672 4,edit‚
1203 3608 1274 3676 pol»
1311 3609 1386 3660 nal
1427 3609 1809 3672 διο-εξοῖγειπτον,
1850 3612 1926 3659 ov'x
1970 3611 2007 3659 ἕν
2057 3608 2212 3670 λέγοις

118 3682 258 3731 Taur.
299 3681 450 3748 1824,
486 3706 591 3753 opp.
625 3700 737 3738 tom.
772 3707 819 3738 11.
1200 3690 1358 3756 μένω,
1396 3691 1503 3743 οὐδὲ
1534 3695 1572 3742 ἐν
1609 3693 1812 3758 offane,
1836 3690 1960 3742 ἑλλοὶ
1992 3690 2032 3743 ἵν
2060 3714 2109 3742 τε
2139 3714 2213 3742 τε·
