2534 4088
301 204 377 262 90
952 226 1149 262 macr.
1198 226 1267 264 DE
1310 227 1746 267 ιΝοΑΒΜΤιοΜ-ῑ.

387 366 523 426 152.
568 365 658 426 Ad
687 366 793 438 3¹1¹,
817 365 973 424 Dz‘st.
1011 366 1083 424 Et
1103 377 1384 448 praeterea
1409 371 1606 448 rejecti
1633 371 1854 430 Messiae
1874 415 1889 446 7
1923 383 1989 430 ut
2015 372 2256 432 inferius
2281 384 2433 433 mox‘

301 462 675 522 ostendemus
700 506 716 534 7
748 482 939 535 cona-3
974 483 1480 546 quorumcumque
1502 477 1876 547 peccatorum
1902 513 1918 542 7
1955 489 2079 548 neq.
2112 469 2230 528 Nec
2259 469 2421 529 enim

298 554 613 620 levioribus
652 555 792 615 olim
817 557 1064 639 peccatis
1102 559 1139 617 J
1145 557 1290 617 udaei
1317 580 1378 619 se
1407 560 1976 624 commaculaverant
2006 609 2021 638 7
2060 574 2126 622 ut
2172 585 2244 623 ex
2279 586 2421 646 pro-
2511 634 2514 640 ,

298 653 492 736 phetis
526 663 784 728 constat,
813 653 914 735 qui
942 654 1021 712 eis
1049 666 1335 736 perpetuo
1366 654 1725 737 exprobrant
1754 657 2038 719 adulteria
2055 705 2070 732 7
2102 659 2255 717 furta
2278 705 2294 735 7
2321 651 2426 719 hoss

298 748 528 808 micidia
552 747 779 831 aliaque
810 749 1052 809 infanda
1083 749 1339 810 facinora
1360 796 1376 826 7
1402 751 1729 832 praesertim
1756 774 1896 814 vero
1921 754 2105 814 scelus
2135 754 2280 814 adeo
2303 754 2434 815 fre-'

298 866 484 927 quens
515 856 689 926 atque
732 867 1045 906 commune
1083 845 1426 906 idololatriae
1448 893 1463 922 7
1514 846 1587 906 de
1619 846 1829 929 quibus
1866 849 1931 907 in
1972 851 2420 931 praesentiarum

296 941 396 1002 vix
430 951 818 1015 accusantur,
861 953 1124 1001 attamen
1155 944 1309 1001 Deus
1341 963 1648 1024 nunquam
1691 941 1916 1003 destitit
1954 942 2030 1004 ab
2067 946 2149 1005 eis
2187 945 2421 1029 speciali

299 1035 554 1118 quadam
588 1036 960 1120 providentia
984 1037 1406 1120 prosequendis
1438 1084 1454 1113 7
1490 1039 1609 1097 imo
1632 1039 1821 1097 minas
1848 1051 1907 1098 et
1929 1041 2212 1121 promissa
2234 1087 2249 1117 7
2284 1063 2418 1123 poe·

302 1155 410 1192 nas
439 1154 503 1192 ac
538 1133 798 1215 proemia
830 1132 1117 1193 adhibens
1139 1179 1154 1206 7
1186 1134 1443 1193 ostendit
1460 1156 1521 1194 se
1545 1134 1898 1216 peculiarem
1922 1135 2073 1195 deiis
2098 1158 2298 1196 curam
2321 1130 2438 1217 ge?

297 1251 446 1289 rere.
487 1232 690 1312 Neque
732 1230 889 1288 ultra
936 1231 1087 1289 LXX
1121 1252 1307 1289 annos
1349 1229 1479 1289 illos
1528 1230 1592 1289 in
1639 1232 1979 1314 captivitate
2023 1232 2316 1310 detinuit,
2355 1253 2420 1292 ac

296 1326 534 1385 interim
580 1326 852 1385 certiores
895 1346 1054 1407 saepe
1096 1346 1194 1385 eos
1236 1326 1374 1401 fecit
1415 1326 1490 1385 de
1526 1325 1752 1401 reditu3
1799 1328 1958 1386 misit
2000 1329 2076 1388 ad
2118 1328 2246 1387 illos
2289 1351 2421 1411 pro-

294 1421 503 1503 phetas
529 1467 545 1496 7
573 1421 674 1503 qui
709 1443 806 1481 eos
842 1421 1215 1496 solarentur3
1257 1421 1436 1481 fidem
1470 1419 1764 1482 miraculis
1801 1424 2077 1486 excitavit
2114 1444 2179 1484 ac
2214 1425 2420 1484 vatici-

293 1517 424 1575 niis,
457 1518 539 1575 Ex
582 1539 702 1599 quo
746 1539 885 1577 vero
922 1518 1138 1578 iterum
1178 1517 1469 1599 templum
1517 1538 1650 1577 cum
1695 1515 1840 1579 urbe
1882 1519 2421 1600 Hierosolymorum

293 1633 566 1671 eversum
621 1624 742 1688 est,
786 1614 894 1673 etsi
927 1635 1081 1695 saepe
1109 1614 1345 1693 jejuniis
1395 1635 1456 1674 se
1493 1625 1826 1691 macerent,
1869 1637 2068 1698 preces
2107 1617 2308 1676 enixas
2342 1617 2418 1676 ad

294 1709 486 1767 Deum
516 1708 771 1767 fundant
791 1754 806 1784 7
838 1721 1075 1791 peccata
1116 1710 1509 1770 confiteantur
1529 1756 1545 1786 7
1582 1721 1695 1771 etc.
1730 1733 1854 1770 non
1881 1732 2042 1772 secus
2073 1733 2137 1772 ac
2164 1713 2212 1770 si
2237 1733 2269 1771 a
2298 1714 2420 1773 Deo

292 1815 489 1863 essent
512 1802 796 1880 derelicti,
829 1805 994 1864 nullo
1025 1805 1229 1865 solatio
1248 1852 1264 1879 ,
1293 1805 1453 1865 nulla
1481 1828 1585 1889 spe
1604 1853 1620 1882 7
1651 1806 1815 1866 nullo
1840 1806 2099 1867 subsidio
2125 1808 2418 1869 foventur.

292 1900 494 1958 Restat
522 1913 832 1983 propterea
860 1900 1145 1961 invictum
1175 1913 1588 1981 argumentum
1617 1902 1691 1962 de
1715 1902 1929 1962 scelere
1950 1948 1966 1978 7
1995 1923 2111 1984 quo
2142 1904 2416 1964 universa

298 2016 440 2072 gens
459 1995 778 2071 detinetur,
794 1997 1041 2078 graviori
1065 1997 1189 2078 ipsa
1214 1996 1542 2056 idololatria
1563 2042 1579 2071 7
1607 1996 1681 2055 ob
1708 1997 1865 2078 quod
1885 1998 2193 2079 antiquum
2223 1998 2417 2058 foedus

291 2112 431 2151 vere
459 2091 746 2151 abolitum
773 2104 862 2152 est
894 2104 1071 2174 atque
1099 2091 1401 2151 discissum
1425 2092 1535 2173 (l).

377 2185 516 2245 153.
552 2186 643 2247 Ad
669 2188 779 2262 4¹¹¹,
817 2190 978 2247 Dist.
1012 2187 1070 2246 Si
1098 2198 1364 2267 ageretur
1388 2186 1462 2246 de
1486 2186 1726 2267 singulis
1756 2186 2074 2247 individuis
2095 2233 2111 2263 7
2150 2209 2215 2247 ac
2238 2209 2416 2270 poena

291 2304 491 2343 amore
518 2283 732 2356 mixta,
767 2305 957 2357 eonc..;
984 2284 1031 2341 si
1061 2281 1133 2343 de
1167 2294 1295 2342 tota⁴
1318 2281 1728 2358 multitudine,
1764 2304 1866 2343 seu
1910 2305 2099 2343 massa
2120 2328 2136 2359 7
2172 2295 2240 2342 ut
2270 2282 2416 2342 dici-

292 2390 425 2454 tur,
464 2401 595 2460 neq.
646 2378 819 2439 Aliud
855 2400 1072 2460 nempe
1112 2379 1423 2438 ferendum
1469 2390 1557 2438 est
1588 2378 1875 2454 judicium
1916 2379 1990 2439 de
2033 2401 2244 2462 poena,
2284 2402 2414 2460 quae

288 2474 515 2555 singula
546 2475 849 2537 individua
884 2475 1062 2534 afficit
1091 2520 1107 2549 7
1139 2474 1299 2533 aliud
1328 2474 1401 2533 de
1434 2495 1500 2533 ea
1530 2519 1546 2550 7
1572 2495 1698 2556 quae
1729 2484 1914 2534 totam
1942 2474 2117 2533 afficit
2143 2473 2413 2533 multitu-

290 2570 495 2632 dinem
516 2593 581 2632 ac
602 2572 889 2652 integram
916 2569 1123 2653 populi
1139 2592 1411 2630 massam.
1429 2571 1548 2629 Etsi
1565 2571 1723 2630 enim
1739 2591 1947 2632 verum
1973 2580 2060 2629 est
2079 2614 2094 2644 7
2113 2568 2414 2628 interdum

289 2667 577 2748 populum
611 2668 905 2747 integrum
946 2667 1146 2749 puniri
1179 2665 1255 2725 ob
1289 2667 1658 2748 privatorum
1696 2677 1930 2748 peccata
1951 2711 1966 2741 7
2007 2666 2329 2749 praesertim
2366 2666 2413 2724 si

288 2762 399 2821 ista
427 2763 754 2845 frequentia
777 2784 841 2822 ac
865 2761 1099 2844 publica
1136 2762 1283 2835 sint,
1315 2783 1506 2843 neque
1536 2761 1765 2843 expiata
1786 2806 1801 2836 7
1839 2772 2102 2821 attamen
2127 2760 2413 2841 ejusmodi

289 2879 485 2938 poenae
517 2869 583 2916 ut
614 2857 937 2940 plurimum
974 2878 1095 2916 non
1133 2869 1274 2916 sunt
1300 2858 1411 2916 nisi
1449 2856 1722 2938 partiales
1751 2878 1817 2916 ac
1855 2858 2224 2939 temporariae
2244 2903 2260 2930 7
2290 2858 2410 2917 imo

290 2965 350 3014 et
374 2953 883 3028 extraordinariae,
916 2975 1050 3012 cum
1067 2958 1233 3032 juxta
1263 2952 1650 3035 providentiae
1688 2952 1996 3012 ordinariae
2039 2952 2307 3012 ordinem
2346 2954 2410 3011 in

289 3051 418 3111 illos
444 3051 614 3110 cadat
637 3073 812 3133 poena
839 3097 855 3123 7
891 3050 991 3132 qui
1024 3049 1396 3131 delinquunt.
1435 3050 1650 3109 Contra
1680 3071 1818 3109 vero
1862 3050 1910 3108 si
1943 3050 2171 3131 punitio
2202 3049 2410 3107 afficiat

288 3157 475 3205 totam
503 3145 944 3205 multitudinem
983 3157 1043 3205 et
1068 3146 1287 3225 jugiter
1333 3157 1701 3227 perseveret7
1752 3157 1817 3203 ut
1856 3144 2146 3203 ordinaria
2185 3147 2407 3203 censeri

290 3243 494 3324 possit,
513 3241 828 3301 dicendum
847 3253 1034 3301 totam
1061 3241 1502 3300 multitudinem
1520 3240 1713 3322 aliquo
1737 3241 1982 3300 crimine
1999 3239 2186 3298 teneri
2204 3283 2227 3311 ,
2251 3238 2409 3320 quod

288 3336 560 3396 omnibus
588 3359 898 3397 commune
926 3339 1038 3413 sit,
1067 3337 1189 3396 sive
1210 3336 1368 3418 quod
1393 3336 1674 3396 delictum
1704 3337 1779 3395 sit
1806 3333 2221 3394 multitudinis.
2257 3335 2406 3395 Talis

288 3445 487 3495 autem
515 3445 605 3494 est
629 3434 891 3513 punitio,
931 3454 1060 3515 quae
1088 3445 1274 3491 totam
1289 3431 1582 3511 judaicam
1625 3443 1860 3510 gentem
1894 3431 2070 3490 afficit
2085 3475 2105 3502 ,
2150 3441 2406 3513 spectata

287 3533 611 3612 praesertim
634 3529 866 3613 publica
882 3542 941 3590 et
964 3529 1252 3589 ordinaria
1278 3527 1649 3611 providentia
1672 3572 1688 3601 7
1716 3549 1894 3608 quam
1917 3530 2069 3585 Deus
2095 3549 2227 3606 erga
2247 3526 2405 3585 hunc

357 3724 422 3788 (1)
459 3725 556 3775 Cfr.
615 3724 796 3774 Derossi
831 3740 910 3788 op.
956 3726 1033 3773 cit.
1071 3742 1174 3789 cap.
1214 3741 1281 3784 117
1315 3721 1341 3787 §
1374 3719 1436 3770 25
1464 3732 1506 3770 et
1534 3739 1666 3787 seqq.
1693 3738 1798 3785 pag.
1827 3717 1886 3767 61
1921 3730 1967 3767 et
2001 3737 2131 3784 seqq.
