<?xml version="1.0" encoding="UTF-8"?>
<!DOCTYPE html PUBLIC "-//W3C//DTD XHTML 1.0 Transitional//EN"
    "http://www.w3.org/TR/xhtml1/DTD/xhtml1-transitional.dtd">
<html xmlns="http://www.w3.org/1999/xhtml" xml:lang="en" lang="en">
 <head>
  <title>
</title>
<meta http-equiv="Content-Type" content="text/html;charset=utf-8" />
  <meta name='ocr-system' content='tesseract 3.04.00' />
  <meta name='ocr-capabilities' content='ocr_page ocr_carea ocr_par ocr_line ocrx_word'/>
</head>
<body>
  <div class='ocr_page' id='page_1' title='image "a603693804perruoft_0377.png"; bbox 0 0 2534 4088; ppageno 0'>
   <div class='ocr_carea' id='block_1_1' title="bbox 536 128 2187 188">
    <p class='ocr_par' dir='ltr' id='par_1_1' title="bbox 536 128 2187 188">
     <span class='ocr_line' id='line_1_1' title="bbox 536 128 2187 188; baseline 0.002 -3"><span class='ocrx_word' id='word_1_1' title='bbox 536 147 660 185; x_wconf 80' lang='lat' dir='ltr'><strong>GAP.</strong></span> <span class='ocrx_word' id='word_1_2' title='bbox 708 143 797 184; x_wconf 81' lang='lat'>111.</span> <span class='ocrx_word' id='word_1_3' title='bbox 849 147 920 184; x_wconf 76' lang='lat' dir='ltr'>nn</span> <span class='ocrx_word' id='word_1_4' title='bbox 958 144 1290 187; x_wconf 72' lang='lat' dir='ltr'>sANc&#39;ronun</span> <span class='ocrx_word' id='word_1_5' title='bbox 1331 146 1728 186; x_wconf 68' lang='lat' dir='ltr'>luvocnronn.</span> <span class='ocrx_word' id='word_1_6' title='bbox 2069 128 2187 188; x_wconf 79' lang='lat'>369</span> 
     </span>
    </p>
   </div>
   <div class='ocr_carea' id='block_1_2' title="bbox 55 281 2202 2746">
    <p class='ocr_par' dir='ltr' id='par_1_2' title="bbox 55 281 2200 1224">
     <span class='ocr_line' id='line_1_2' title="bbox 69 281 2200 376; baseline 0.003 -27"><span class='ocrx_word' id='word_1_7' title='bbox 69 290 329 350; x_wconf 88' lang='lat' dir='ltr'>seculum</span> <span class='ocrx_word' id='word_1_8' title='bbox 390 292 464 351; x_wconf 88' lang='lat' dir='ltr'>IV</span> <span class='ocrx_word' id='word_1_9' title='bbox 514 301 937 373; x_wconf 84' lang='lat' dir='ltr'>pervenerunt.</span> <span class='ocrx_word' id='word_1_10' title='bbox 982 281 1144 351; x_wconf 89' lang='lat' dir='ltr'>Inter</span> <span class='ocrx_word' id='word_1_11' title='bbox 1197 301 1416 351; x_wconf 89' lang='lat' dir='ltr'>ceteras</span> <span class='ocrx_word' id='word_1_12' title='bbox 1453 291 1675 350; x_wconf 86' lang='lat' dir='ltr'>eminet</span> <span class='ocrx_word' id='word_1_13' title='bbox 1721 290 1991 372; x_wconf 70' lang='lat' dir='ltr'>liturgia,</span> <span class='ocrx_word' id='word_1_14' title='bbox 2050 315 2200 376; x_wconf 81' lang='lat' dir='ltr'>quae·</span> 
     </span>
     <span class='ocr_line' id='line_1_3' title="bbox 70 384 2186 468; baseline 0.002 -24"><span class='ocrx_word' id='word_1_15' title='bbox 70 387 128 444; x_wconf 91' lang='lat' dir='ltr'>S.</span> <span class='ocrx_word' id='word_1_16' title='bbox 154 387 190 444; x_wconf 87' lang='lat' dir='ltr'>J</span> <span class='ocrx_word' id='word_1_17' title='bbox 193 385 356 445; x_wconf 85' lang='lat' dir='ltr'>acobi</span> <span class='ocrx_word' id='word_1_18' title='bbox 372 387 611 445; x_wconf 89' lang='lat' dir='ltr'>nomine</span> <span class='ocrx_word' id='word_1_19' title='bbox 632 384 1001 458; x_wconf 72' lang='lat' dir='ltr'>inscribitur3</span> <span class='ocrx_word' id='word_1_20' title='bbox 1035 387 1098 444; x_wconf 92' lang='lat' dir='ltr'>in</span> <span class='ocrx_word' id='word_1_21' title='bbox 1127 407 1195 446; x_wconf 87' lang='lat' dir='ltr'>ea</span> <span class='ocrx_word' id='word_1_22' title='bbox 1222 407 1398 468; x_wconf 91' lang='lat' dir='ltr'>porro</span> <span class='ocrx_word' id='word_1_23' title='bbox 1419 385 1633 466; x_wconf 84' lang='lat' dir='ltr'>legitur</span> <span class='ocrx_word' id='word_1_24' title='bbox 1663 408 1676 444; x_wconf 76' lang='grc' dir='ltr'>ε</span> <span class='ocrx_word' id='word_1_25' title='bbox 1711 386 2031 466; x_wconf 79' lang='lat' dir='ltr'>Praeoipue</span> <span class='ocrx_word' id='word_1_26' title='bbox 2051 410 2186 449; x_wconf 80' lang='lat' dir='ltr'>vero</span> 
     </span>
     <span class='ocr_line' id='line_1_4' title="bbox 68 482 2188 561; baseline 0.002 -22"><span class='ocrx_word' id='word_1_27' title='bbox 68 493 290 540; x_wconf 64' lang='lat' dir='ltr'>sanetae</span> <span class='ocrx_word' id='word_1_28' title='bbox 316 491 371 540; x_wconf 91' lang='lat' dir='ltr'>et</span> <span class='ocrx_word' id='word_1_29' title='bbox 394 483 665 561; x_wconf 70' lang='lat' dir='ltr'>ylorz&#39;osoe</span> <span class='ocrx_word' id='word_1_30' title='bbox 689 501 922 560; x_wconf 72' lang='lat' dir='ltr'>semper</span> <span class='ocrx_word' id='word_1_31' title='bbox 954 482 1227 560; x_wconf 70' lang='lat' dir='ltr'>Viryinis</span> <span class='ocrx_word' id='word_1_32' title='bbox 1255 483 1438 541; x_wconf 85' lang='lat' dir='ltr'>heatae</span> <span class='ocrx_word' id='word_1_33' title='bbox 1470 485 1783 559; x_wconf 75' lang='lat' dir='ltr'>yem’trz&#39;cis</span> <span class='ocrx_word' id='word_1_34' title='bbox 1821 482 1942 541; x_wconf 78' lang='lat' dir='ltr'>Dei</span> <span class='ocrx_word' id='word_1_35' title='bbox 1965 504 2188 544; x_wconf 88' lang='lat' dir='ltr'>memo-</span> 
     </span>
     <span class='ocr_line' id='line_1_5' title="bbox 69 575 2191 657; baseline 0.002 -22"><span class='ocrx_word' id='word_1_36' title='bbox 69 582 235 635; x_wconf 82' lang='lat' dir='ltr'>riam</span> <span class='ocrx_word' id='word_1_37' title='bbox 265 580 522 657; x_wconf 71' lang='lat' dir='ltr'>aqimus,</span> <span class='ocrx_word' id='word_1_38' title='bbox 550 576 841 635; x_wconf 78' lang='lat' dir='ltr'><strong><em>Memento</em></strong></span> <span class='ocrx_word' id='word_1_39' title='bbox 870 578 1040 634; x_wconf 72' lang='lat' dir='ltr'>illius</span> <span class='ocrx_word' id='word_1_40' title='bbox 1054 619 1074 647; x_wconf 84' lang='lat'><em>,</em></span> <span class='ocrx_word' id='word_1_41' title='bbox 1115 577 1373 635; x_wconf 77' lang='lat' dir='ltr'><em>Domine</em></span> <span class='ocrx_word' id='word_1_42' title='bbox 1413 575 1577 634; x_wconf 73' lang='lat' dir='ltr'><em>Deus</em></span> <span class='ocrx_word' id='word_1_43' title='bbox 1598 620 1613 649; x_wconf 75' lang='grc'><em>,</em></span> <span class='ocrx_word' id='word_1_44' title='bbox 1662 586 1716 634; x_wconf 91' lang='lat' dir='ltr'>et</span> <span class='ocrx_word' id='word_1_45' title='bbox 1731 597 1849 655; x_wconf 81' lang='lat' dir='ltr'>per</span> <span class='ocrx_word' id='word_1_46' title='bbox 1883 582 2012 656; x_wconf 76' lang='lat' dir='ltr'>ejus</span> <span class='ocrx_word' id='word_1_47' title='bbox 2049 601 2191 639; x_wconf 89' lang='lat' dir='ltr'>ora-</span> 
     </span>
     <span class='ocr_line' id='line_1_6' title="bbox 71 669 2186 755; baseline 0.003 -27"><span class='ocrx_word' id='word_1_48' title='bbox 71 675 257 730; x_wconf 78' lang='lat' dir='ltr'>tiones</span> <span class='ocrx_word' id='word_1_49' title='bbox 268 692 470 751; x_wconf 72' lang='lat' dir='ltr'>puras</span> <span class='ocrx_word' id='word_1_50' title='bbox 490 682 545 729; x_wconf 87' lang='lat' dir='ltr'>et</span> <span class='ocrx_word' id='word_1_51' title='bbox 563 681 802 730; x_wconf 75' lang='lat' dir='ltr'>sanctas</span> <span class='ocrx_word' id='word_1_52' title='bbox 818 692 1006 750; x_wconf 79' lang='lat' dir='ltr'>parce</span> <span class='ocrx_word' id='word_1_53' title='bbox 1029 680 1085 728; x_wconf 91' lang='lat' dir='ltr'>et</span> <span class='ocrx_word' id='word_1_54' title='bbox 1105 675 1383 729; x_wconf 80' lang='lat' dir='ltr'>miserere</span> <span class='ocrx_word' id='word_1_55' title='bbox 1402 669 1574 727; x_wconf 76' lang='lat' dir='ltr'>nohis</span> <span class='ocrx_word' id='word_1_56' title='bbox 1587 711 1608 740; x_wconf 85' lang='lat'><em>,</em></span> <span class='ocrx_word' id='word_1_57' title='bbox 1629 680 1684 727; x_wconf 90' lang='lat' dir='ltr'>et</span> <span class='ocrx_word' id='word_1_58' title='bbox 1706 672 2050 733; x_wconf 72' lang='lat' dir='ltr'>exaudinos</span> <span class='ocrx_word' id='word_1_59' title='bbox 2071 672 2186 755; x_wconf 88' lang='lat' dir='ltr'>(l).</span> 
     </span>
     <span class='ocr_line' id='line_1_7' title="bbox 74 763 2190 850; baseline 0.002 -26"><span class='ocrx_word' id='word_1_60' title='bbox 74 764 290 824; x_wconf 88' lang='lat' dir='ltr'>Eadem</span> <span class='ocrx_word' id='word_1_61' title='bbox 341 777 656 824; x_wconf 87' lang='lat' dir='ltr'>occurrunt</span> <span class='ocrx_word' id='word_1_62' title='bbox 691 766 754 824; x_wconf 90' lang='lat' dir='ltr'>in</span> <span class='ocrx_word' id='word_1_63' title='bbox 788 764 1034 844; x_wconf 83' lang='lat' dir='ltr'>liturgiis</span> <span class='ocrx_word' id='word_1_64' title='bbox 1071 786 1105 823; x_wconf 92' lang='lat' dir='ltr'>a</span> <span class='ocrx_word' id='word_1_65' title='bbox 1145 764 1202 823; x_wconf 91' lang='lat' dir='ltr'>S.</span> <span class='ocrx_word' id='word_1_66' title='bbox 1233 765 1406 822; x_wconf 88' lang='lat' dir='ltr'>Petro</span> <span class='ocrx_word' id='word_1_67' title='bbox 1458 774 1516 821; x_wconf 92' lang='lat' dir='ltr'>et</span> <span class='ocrx_word' id='word_1_68' title='bbox 1559 763 1612 821; x_wconf 91' lang='lat' dir='ltr'>S.</span> <span class='ocrx_word' id='word_1_69' title='bbox 1653 764 1846 824; x_wconf 83' lang='lat' dir='ltr'>Marco</span> <span class='ocrx_word' id='word_1_70' title='bbox 1881 788 2190 850; x_wconf 88' lang='lat' dir='ltr'>nuncupa-</span> 
     </span>
     <span class='ocr_line' id='line_1_8' title="bbox 55 857 2188 942; baseline 0.002 -24"><span class='ocrx_word' id='word_1_71' title='bbox 55 859 149 930; x_wconf 33' lang='lat' dir='ltr'>,tis</span> <span class='ocrx_word' id='word_1_72' title='bbox 187 860 295 940; x_wconf 77' lang='lat'>(2).</span> <span class='ocrx_word' id='word_1_73' title='bbox 337 860 551 919; x_wconf 88' lang='lat' dir='ltr'>Eadem</span> <span class='ocrx_word' id='word_1_74' title='bbox 581 882 815 942; x_wconf 92' lang='lat' dir='ltr'>prorsus</span> <span class='ocrx_word' id='word_1_75' title='bbox 846 860 909 918; x_wconf 90' lang='lat' dir='ltr'>in</span> <span class='ocrx_word' id='word_1_76' title='bbox 933 859 1164 939; x_wconf 81' lang='lat' dir='ltr'>liturgia</span> <span class='ocrx_word' id='word_1_77' title='bbox 1189 860 1248 917; x_wconf 90' lang='lat' dir='ltr'>S.</span> <span class='ocrx_word' id='word_1_78' title='bbox 1283 858 1454 915; x_wconf 86' lang='lat' dir='ltr'>Joan.</span> <span class='ocrx_word' id='word_1_79' title='bbox 1487 857 1882 937; x_wconf 83' lang='lat' dir='ltr'>Chrysostomi</span> <span class='ocrx_word' id='word_1_80' title='bbox 1905 860 2015 940; x_wconf 82' lang='lat'>(3).</span> <span class='ocrx_word' id='word_1_81' title='bbox 2053 863 2188 936; x_wconf 82' lang='lat' dir='ltr'>Qui-</span> 
     </span>
     <span class='ocr_line' id='line_1_9' title="bbox 75 949 2190 1026; baseline 0.003 -15"><span class='ocrx_word' id='word_1_82' title='bbox 75 952 185 1012; x_wconf 88' lang='lat' dir='ltr'>bus</span> <span class='ocrx_word' id='word_1_83' title='bbox 228 954 369 1014; x_wconf 81' lang='lat' dir='ltr'>addi</span> <span class='ocrx_word' id='word_1_84' title='bbox 407 954 628 1015; x_wconf 88' lang='lat' dir='ltr'>debent</span> <span class='ocrx_word' id='word_1_85' title='bbox 667 954 822 1014; x_wconf 91' lang='lat' dir='ltr'>Ordo</span> <span class='ocrx_word' id='word_1_86' title='bbox 854 973 1166 1026; x_wconf 65' lang='lat' dir='ltr'>romaum,</span> <span class='ocrx_word' id='word_1_87' title='bbox 1203 949 1394 1009; x_wconf 90' lang='lat' dir='ltr'>editus</span> <span class='ocrx_word' id='word_1_88' title='bbox 1420 972 1452 1008; x_wconf 90' lang='lat' dir='ltr'>a</span> <span class='ocrx_word' id='word_1_89' title='bbox 1487 950 1823 1012; x_wconf 84' lang='lat' dir='ltr'>Mabillonio</span> <span class='ocrx_word' id='word_1_90' title='bbox 1864 954 1927 1012; x_wconf 91' lang='lat' dir='ltr'>in</span> <span class='ocrx_word' id='word_1_91' title='bbox 1960 957 2190 1018; x_wconf 77' lang='lat' dir='ltr'>Musoeo</span> 
     </span>
     <span class='ocr_line' id='line_1_10' title="bbox 76 1047 2190 1133; baseline 0.004 -27"><span class='ocrx_word' id='word_1_92' title='bbox 76 1052 278 1109; x_wconf 72' lang='lat' dir='ltr'>italico</span> <span class='ocrx_word' id='word_1_93' title='bbox 299 1095 315 1125; x_wconf 89' lang='lat'>.‚</span> <span class='ocrx_word' id='word_1_94' title='bbox 354 1050 881 1111; x_wconf 86' lang='lat' dir='ltr'>Sacramentarium</span> <span class='ocrx_word' id='word_1_95' title='bbox 911 1049 971 1106; x_wconf 89' lang='lat' dir='ltr'>S.</span> <span class='ocrx_word' id='word_1_96' title='bbox 1011 1047 1272 1126; x_wconf 84' lang='lat' dir='ltr'>Gregorii</span> <span class='ocrx_word' id='word_1_97' title='bbox 1298 1048 1374 1106; x_wconf 92' lang='lat' dir='ltr'>M.</span> <span class='ocrx_word' id='word_1_98' title='bbox 1418 1068 1484 1106; x_wconf 89' lang='lat' dir='ltr'>ac</span> <span class='ocrx_word' id='word_1_99' title='bbox 1511 1047 1758 1107; x_wconf 91' lang='lat' dir='ltr'>Missalia</span> <span class='ocrx_word' id='word_1_100' title='bbox 1794 1051 2055 1133; x_wconf 88' lang='lat' dir='ltr'>superius</span> <span class='ocrx_word' id='word_1_101' title='bbox 2093 1075 2190 1114; x_wconf 92' lang='lat' dir='ltr'>re-</span> 
     </span>
     <span class='ocr_line' id='line_1_11' title="bbox 77 1145 444 1224; baseline 0.008 -23"><span class='ocrx_word' id='word_1_102' title='bbox 77 1145 294 1204; x_wconf 89' lang='lat' dir='ltr'>censita</span> <span class='ocrx_word' id='word_1_103' title='bbox 333 1145 444 1224; x_wconf 83' lang='grc'><strong>(4).</strong></span> 
     </span>
    </p>

    <p class='ocr_par' dir='ltr' id='par_1_3' title="bbox 75 1237 2200 2647">
     <span class='ocr_line' id='line_1_12' title="bbox 161 1237 2193 1322; baseline 0.003 -25"><span class='ocrx_word' id='word_1_104' title='bbox 161 1239 262 1298; x_wconf 85' lang='grc'>58.</span> <span class='ocrx_word' id='word_1_105' title='bbox 312 1239 426 1315; x_wconf 88' lang='lat' dir='ltr'>Sed</span> <span class='ocrx_word' id='word_1_106' title='bbox 455 1261 578 1298; x_wconf 89' lang='lat' dir='ltr'>non</span> <span class='ocrx_word' id='word_1_107' title='bbox 615 1237 812 1296; x_wconf 87' lang='lat' dir='ltr'>minus</span> <span class='ocrx_word' id='word_1_108' title='bbox 851 1237 1079 1297; x_wconf 84' lang='lat' dir='ltr'>illustre</span> <span class='ocrx_word' id='word_1_109' title='bbox 1125 1249 1214 1297; x_wconf 90' lang='lat' dir='ltr'>est</span> <span class='ocrx_word' id='word_1_110' title='bbox 1261 1238 1700 1317; x_wconf 68' lang='lat' dir='ltr'>testimonium,</span> <span class='ocrx_word' id='word_1_111' title='bbox 1749 1242 1908 1322; x_wconf 88' lang='lat' dir='ltr'>quod</span> <span class='ocrx_word' id='word_1_112' title='bbox 1941 1241 2193 1303; x_wconf 87' lang='lat' dir='ltr'>habetur</span> 
     </span>
     <span class='ocr_line' id='line_1_13' title="bbox 79 1331 2193 1417; baseline 0.003 -26"><span class='ocrx_word' id='word_1_113' title='bbox 79 1334 141 1391; x_wconf 92' lang='lat' dir='ltr'>in</span> <span class='ocrx_word' id='word_1_114' title='bbox 173 1335 471 1393; x_wconf 72' lang='lat' dir='ltr'>Cateclzesi</span> <span class='ocrx_word' id='word_1_115' title='bbox 494 1337 891 1413; x_wconf 69' lang='lat' dir='ltr'>mystayoqz‘ca</span> <span class='ocrx_word' id='word_1_116' title='bbox 937 1333 1006 1393; x_wconf 72' lang='lat' dir='ltr'>V‘*</span> <span class='ocrx_word' id='word_1_117' title='bbox 1039 1334 1094 1391; x_wconf 88' lang='lat' dir='ltr'>S.</span> <span class='ocrx_word' id='word_1_118' title='bbox 1127 1331 1323 1412; x_wconf 73' lang='lat' dir='ltr'>Cyrilli</span> <span class='ocrx_word' id='word_1_119' title='bbox 1346 1333 1814 1414; x_wconf 78' lang='lat' dir='ltr'>Jerosolymitani</span> <span class='ocrx_word' id='word_1_120' title='bbox 1845 1381 1861 1411; x_wconf 54' lang='lat'>5</span> <span class='ocrx_word' id='word_1_121' title='bbox 1906 1337 2003 1417; x_wconf 89' lang='lat' dir='ltr'>qui</span> <span class='ocrx_word' id='word_1_122' title='bbox 2031 1338 2193 1397; x_wconf 86' lang='lat' dir='ltr'>litur-</span> 
     </span>
     <span class='ocr_line' id='line_1_14' title="bbox 80 1427 2194 1510; baseline 0.002 -23"><span class='ocrx_word' id='word_1_123' title='bbox 80 1429 234 1508; x_wconf 84' lang='lat' dir='ltr'>giam</span> <span class='ocrx_word' id='word_1_124' title='bbox 265 1427 584 1510; x_wconf 82' lang='lat' dir='ltr'>explanans</span> <span class='ocrx_word' id='word_1_125' title='bbox 621 1428 702 1486; x_wconf 92' lang='lat' dir='ltr'>ait</span> <span class='ocrx_word' id='word_1_126' title='bbox 737 1451 751 1486; x_wconf 78' lang='lat' dir='ltr'><strong><em>z</em></strong></span> <span class='ocrx_word' id='word_1_127' title='bbox 787 1429 998 1487; x_wconf 81' lang='lat' dir='ltr'><em>Postea</em></span> <span class='ocrx_word' id='word_1_128' title='bbox 1027 1429 1421 1487; x_wconf 76' lang='lat' dir='ltr'><em>recordamur</em></span> <span class='ocrx_word' id='word_1_129' title='bbox 1450 1450 1658 1488; x_wconf 83' lang='lat' dir='ltr'>eorum</span> <span class='ocrx_word' id='word_1_130' title='bbox 1678 1474 1693 1503; x_wconf 58' lang='lat' dir='ltr'>a</span> <span class='ocrx_word' id='word_1_131' title='bbox 1730 1435 1840 1509; x_wconf 80' lang='lat' dir='ltr'>qui</span> <span class='ocrx_word' id='word_1_132' title='bbox 1860 1433 2194 1491; x_wconf 78' lang='lat' dir='ltr'>obdormie-</span> 
     </span>
     <span class='ocr_line' id='line_1_15' title="bbox 78 1524 2192 1608; baseline 0.003 -27"><span class='ocrx_word' id='word_1_133' title='bbox 78 1535 230 1583; x_wconf 73' lang='lat' dir='ltr'><em>runt</em></span> <span class='ocrx_word' id='word_1_134' title='bbox 250 1569 268 1599; x_wconf 78' lang='lat'>.‚</span> <span class='ocrx_word' id='word_1_135' title='bbox 292 1534 637 1583; x_wconf 76' lang='lat' dir='ltr'>sauctorum</span> <span class='ocrx_word' id='word_1_136' title='bbox 663 1524 1181 1583; x_wconf 75' lang='lat' dir='ltr'>Patrz&#39;archarum</span> <span class='ocrx_word' id='word_1_137' title='bbox 1196 1567 1214 1597; x_wconf 86' lang='lat'>‚</span> <span class='ocrx_word' id='word_1_138' title='bbox 1239 1525 1721 1604; x_wconf 77' lang='lat' dir='ltr'>Prophetarum,</span> <span class='ocrx_word' id='word_1_139' title='bbox 1746 1525 2192 1608; x_wconf 70' lang='lat' dir='ltr'>Apostolorum,</span> 
     </span>
     <span class='ocr_line' id='line_1_16' title="bbox 81 1617 2193 1700; baseline 0.001 -22"><span class='ocrx_word' id='word_1_140' title='bbox 81 1617 435 1698; x_wconf 74' lang='lat' dir='ltr'>Blartyrum</span> <span class='ocrx_word' id='word_1_141' title='bbox 455 1664 470 1692; x_wconf 79' lang='grc'>.,</span> <span class='ocrx_word' id='word_1_142' title='bbox 505 1631 577 1677; x_wconf 83' lang='lat' dir='ltr'>ut</span> <span class='ocrx_word' id='word_1_143' title='bbox 606 1620 774 1679; x_wconf 81' lang='lat' dir='ltr'>Deus</span> <span class='ocrx_word' id='word_1_144' title='bbox 805 1640 1008 1677; x_wconf 81' lang='lat' dir='ltr'>eorum</span> <span class='ocrx_word' id='word_1_145' title='bbox 1026 1621 1316 1699; x_wconf 78' lang='lat' dir='ltr'>precibus</span> <span class='ocrx_word' id='word_1_146' title='bbox 1342 1630 1397 1678; x_wconf 92' lang='lat' dir='ltr'>et</span> <span class='ocrx_word' id='word_1_147' title='bbox 1428 1623 1825 1700; x_wconf 72' lang='lat' dir='ltr'>leqationibus</span> <span class='ocrx_word' id='word_1_148' title='bbox 1864 1626 2193 1681; x_wconf 83' lang='lat' dir='ltr'>orationem</span> 
     </span>
     <span class='ocr_line' id='line_1_17' title="bbox 79 1713 2194 1797; baseline 0.001 -25"><span class='ocrx_word' id='word_1_149' title='bbox 79 1725 348 1773; x_wconf 77' lang='lat' dir='ltr'>nostram</span> <span class='ocrx_word' id='word_1_150' title='bbox 389 1719 687 1794; x_wconf 71' lang='lat' dir='ltr'>suscipiat</span> <span class='ocrx_word' id='word_1_151' title='bbox 723 1714 832 1794; x_wconf 90' lang='lat'><strong>(5).</strong></span> <span class='ocrx_word' id='word_1_152' title='bbox 886 1716 1065 1774; x_wconf 90' lang='lat' dir='ltr'>Porro</span> <span class='ocrx_word' id='word_1_153' title='bbox 1096 1713 1342 1794; x_wconf 80' lang='lat' dir='ltr'>liturgiae</span> <span class='ocrx_word' id='word_1_154' title='bbox 1378 1713 1658 1775; x_wconf 78' lang='lat' dir='ltr'>exhibent</span> <span class='ocrx_word' id='word_1_155' title='bbox 1693 1716 1870 1774; x_wconf 89' lang='lat' dir='ltr'>fidem</span> <span class='ocrx_word' id='word_1_156' title='bbox 1898 1716 2194 1797; x_wconf 85' lang='lat' dir='ltr'>publicam</span> 
     </span>
     <span class='ocr_line' id='line_1_18' title="bbox 82 1807 2195 1894; baseline 0 -25"><span class='ocrx_word' id='word_1_157' title='bbox 82 1822 142 1869; x_wconf 92' lang='lat' dir='ltr'>et</span> <span class='ocrx_word' id='word_1_158' title='bbox 171 1830 546 1869; x_wconf 87' lang='lat' dir='ltr'>communem</span> <span class='ocrx_word' id='word_1_159' title='bbox 576 1810 752 1868; x_wconf 88' lang='lat' dir='ltr'>totius</span> <span class='ocrx_word' id='word_1_160' title='bbox 793 1808 1052 1868; x_wconf 84' lang='lat' dir='ltr'>Ecclesiae</span> <span class='ocrx_word' id='word_1_161' title='bbox 1080 1834 1096 1882; x_wconf 70' lang='grc' dir='ltr'><strong>ς</strong></span> <span class='ocrx_word' id='word_1_162' title='bbox 1130 1807 1360 1890; x_wconf 88' lang='lat' dir='ltr'>publice</span> <span class='ocrx_word' id='word_1_163' title='bbox 1400 1809 1560 1868; x_wconf 91' lang='lat' dir='ltr'>enim</span> <span class='ocrx_word' id='word_1_164' title='bbox 1596 1809 2009 1870; x_wconf 82' lang='lat' dir='ltr'>recitabantur.</span> <span class='ocrx_word' id='word_1_165' title='bbox 2043 1811 2195 1894; x_wconf 91' lang='lat' dir='ltr'>Idip-</span> 
     </span>
     <span class='ocr_line' id='line_1_19' title="bbox 81 1903 2192 1986; baseline 0.001 -23"><span class='ocrx_word' id='word_1_166' title='bbox 81 1926 211 1963; x_wconf 90' lang='lat' dir='ltr'>sum</span> <span class='ocrx_word' id='word_1_167' title='bbox 242 1904 468 1963; x_wconf 90' lang='lat' dir='ltr'>dicatur</span> <span class='ocrx_word' id='word_1_168' title='bbox 487 1903 560 1965; x_wconf 93' lang='lat' dir='ltr'>de</span> <span class='ocrx_word' id='word_1_169' title='bbox 593 1903 989 1964; x_wconf 82' lang='lat' dir='ltr'>catechesibus</span> <span class='ocrx_word' id='word_1_170' title='bbox 1026 1904 1426 1984; x_wconf 79' lang='lat' dir='ltr'>mystagogicis</span> <span class='ocrx_word' id='word_1_171' title='bbox 1448 1950 1462 1978; x_wconf 64' lang='lat'>7</span> <span class='ocrx_word' id='word_1_172' title='bbox 1496 1904 1705 1985; x_wconf 85' lang='lat' dir='ltr'>quibus</span> <span class='ocrx_word' id='word_1_173' title='bbox 1735 1904 1964 1986; x_wconf 90' lang='lat' dir='ltr'>publice</span> <span class='ocrx_word' id='word_1_174' title='bbox 1993 1907 2192 1966; x_wconf 88' lang='lat' dir='ltr'>fideles</span> 
     </span>
     <span class='ocr_line' id='line_1_20' title="bbox 84 1998 2197 2081; baseline 0.002 -25"><span class='ocrx_word' id='word_1_175' title='bbox 84 1998 580 2073; x_wconf 64' lang='lat' dir='ltr'>instituebanturg</span> <span class='ocrx_word' id='word_1_176' title='bbox 623 1998 982 2081; x_wconf 88' lang='lat' dir='ltr'>impossibile</span> <span class='ocrx_word' id='word_1_177' title='bbox 1008 1998 1257 2079; x_wconf 88' lang='lat' dir='ltr'>proinde</span> <span class='ocrx_word' id='word_1_178' title='bbox 1284 2009 1408 2058; x_wconf 91' lang='lat' dir='ltr'>erat</span> <span class='ocrx_word' id='word_1_179' title='bbox 1450 2021 1556 2080; x_wconf 89' lang='lat' dir='ltr'>per</span> <span class='ocrx_word' id='word_1_180' title='bbox 1594 2021 1687 2059; x_wconf 89' lang='lat' dir='ltr'>eas</span> <span class='ocrx_word' id='word_1_181' title='bbox 1715 1999 1990 2061; x_wconf 87' lang='lat' dir='ltr'>inducere</span> <span class='ocrx_word' id='word_1_182' title='bbox 2021 2002 2197 2061; x_wconf 92' lang='lat' dir='ltr'>inno—</span> 
     </span>
     <span class='ocr_line' id='line_1_21' title="bbox 87 2092 2197 2177; baseline 0 -22"><span class='ocrx_word' id='word_1_183' title='bbox 87 2095 383 2155; x_wconf 86' lang='lat' dir='ltr'>vationem</span> <span class='ocrx_word' id='word_1_184' title='bbox 432 2105 632 2153; x_wconf 90' lang='lat' dir='ltr'>contra</span> <span class='ocrx_word' id='word_1_185' title='bbox 674 2095 853 2153; x_wconf 89' lang='lat' dir='ltr'>fidem</span> <span class='ocrx_word' id='word_1_186' title='bbox 897 2093 971 2153; x_wconf 87' lang='lat' dir='ltr'>ab</span> <span class='ocrx_word' id='word_1_187' title='bbox 1018 2092 1290 2152; x_wconf 90' lang='lat' dir='ltr'>omnibus</span> <span class='ocrx_word' id='word_1_188' title='bbox 1338 2092 1413 2151; x_wconf 88' lang='lat' dir='ltr'>ad</span> <span class='ocrx_word' id='word_1_189' title='bbox 1446 2093 1508 2151; x_wconf 87' lang='lat' dir='ltr'>id</span> <span class='ocrx_word' id='word_1_190' title='bbox 1555 2096 1835 2175; x_wconf 85' lang='lat' dir='ltr'>temporis</span> <span class='ocrx_word' id='word_1_191' title='bbox 1880 2107 2197 2177; x_wconf 85' lang='lat' dir='ltr'>receptam.</span> 
     </span>
     <span class='ocr_line' id='line_1_22' title="bbox 75 2187 2200 2270; baseline 0 -21"><span class='ocrx_word' id='word_1_192' title='bbox 75 2190 274 2270; x_wconf 16' lang='lat' dir='ltr'>„Multo</span> <span class='ocrx_word' id='word_1_193' title='bbox 310 2211 450 2250; x_wconf 87' lang='lat' dir='ltr'>vero</span> <span class='ocrx_word' id='word_1_194' title='bbox 490 2191 684 2248; x_wconf 90' lang='lat' dir='ltr'>minus</span> <span class='ocrx_word' id='word_1_195' title='bbox 720 2187 1006 2270; x_wconf 87' lang='lat' dir='ltr'>possibilis</span> <span class='ocrx_word' id='word_1_196' title='bbox 1050 2188 1340 2248; x_wconf 89' lang='lat' dir='ltr'>censenda</span> <span class='ocrx_word' id='word_1_197' title='bbox 1385 2200 1474 2248; x_wconf 89' lang='lat' dir='ltr'>est</span> <span class='ocrx_word' id='word_1_198' title='bbox 1517 2188 1645 2247; x_wconf 89' lang='lat' dir='ltr'>talis</span> <span class='ocrx_word' id='word_1_199' title='bbox 1681 2189 1981 2249; x_wconf 87' lang='lat' dir='ltr'>innovatio</span> <span class='ocrx_word' id='word_1_200' title='bbox 2008 2235 2024 2264; x_wconf 67' lang='lat'>7</span> <span class='ocrx_word' id='word_1_201' title='bbox 2066 2211 2200 2249; x_wconf 90' lang='lat' dir='ltr'>cum</span> 
     </span>
     <span class='ocr_line' id='line_1_23' title="bbox 84 2281 2195 2364; baseline 0 -21"><span class='ocrx_word' id='word_1_202' title='bbox 84 2296 288 2364; x_wconf 81' lang='lat' dir='ltr'>agatur</span> <span class='ocrx_word' id='word_1_203' title='bbox 311 2284 383 2343; x_wconf 89' lang='lat' dir='ltr'>de</span> <span class='ocrx_word' id='word_1_204' title='bbox 409 2285 788 2345; x_wconf 88' lang='lat' dir='ltr'>innovatione</span> <span class='ocrx_word' id='word_1_205' title='bbox 817 2288 984 2361; x_wconf 84' lang='lat' dir='ltr'>juxta</span> <span class='ocrx_word' id='word_1_206' title='bbox 1019 2281 1378 2342; x_wconf 87' lang='lat' dir='ltr'>adversarios</span> <span class='ocrx_word' id='word_1_207' title='bbox 1426 2304 1795 2364; x_wconf 89' lang='lat' dir='ltr'>summopere</span> <span class='ocrx_word' id='word_1_208' title='bbox 1837 2284 2156 2364; x_wconf 87' lang='lat' dir='ltr'>perniciosa</span> <span class='ocrx_word' id='word_1_209' title='bbox 2178 2330 2195 2360; x_wconf 72' lang='grc'><em>,</em></span> 
     </span>
     <span class='ocr_line' id='line_1_24' title="bbox 87 2377 2199 2460; baseline 0 -23"><span class='ocrx_word' id='word_1_210' title='bbox 87 2379 411 2457; x_wconf 89' lang='lat' dir='ltr'>cujusmodi</span> <span class='ocrx_word' id='word_1_211' title='bbox 451 2400 516 2439; x_wconf 92' lang='lat' dir='ltr'>ea</span> <span class='ocrx_word' id='word_1_212' title='bbox 543 2390 693 2438; x_wconf 91' lang='lat' dir='ltr'>esset</span> <span class='ocrx_word' id='word_1_213' title='bbox 715 2424 730 2453; x_wconf 80' lang='lat'>.,</span> <span class='ocrx_word' id='word_1_214' title='bbox 781 2399 911 2460; x_wconf 83' lang='lat' dir='ltr'>quae</span> <span class='ocrx_word' id='word_1_215' title='bbox 940 2377 1247 2438; x_wconf 88' lang='lat' dir='ltr'>Ecclesiam</span> <span class='ocrx_word' id='word_1_216' title='bbox 1273 2378 1337 2435; x_wconf 88' lang='lat' dir='ltr'>in</span> <span class='ocrx_word' id='word_1_217' title='bbox 1375 2378 1850 2458; x_wconf 86' lang='lat' dir='ltr'>superstitionem</span> <span class='ocrx_word' id='word_1_218' title='bbox 1889 2389 2063 2458; x_wconf 89' lang='lat' dir='ltr'>atque</span> <span class='ocrx_word' id='word_1_219' title='bbox 2085 2401 2199 2460; x_wconf 92' lang='lat' dir='ltr'>pu-</span> 
     </span>
     <span class='ocr_line' id='line_1_25' title="bbox 85 2470 2200 2553; baseline 0 -20"><span class='ocrx_word' id='word_1_220' title='bbox 85 2473 300 2533; x_wconf 91' lang='lat' dir='ltr'>blicam</span> <span class='ocrx_word' id='word_1_221' title='bbox 343 2473 729 2533; x_wconf 88' lang='lat' dir='ltr'>idololatriam</span> <span class='ocrx_word' id='word_1_222' title='bbox 770 2474 1135 2552; x_wconf 72' lang='lat' dir='ltr'>conjecisset,</span> <span class='ocrx_word' id='word_1_223' title='bbox 1172 2483 1344 2553; x_wconf 69' lang='lat' dir='ltr'>atque</span> <span class='ocrx_word' id='word_1_224' title='bbox 1380 2471 1442 2529; x_wconf 87' lang='lat' dir='ltr'>id</span> <span class='ocrx_word' id='word_1_225' title='bbox 1476 2470 1714 2551; x_wconf 90' lang='lat' dir='ltr'>quidem</span> <span class='ocrx_word' id='word_1_226' title='bbox 1742 2472 1978 2532; x_wconf 87' lang='lat' dir='ltr'>nemine</span> <span class='ocrx_word' id='word_1_227' title='bbox 2014 2472 2200 2533; x_wconf 89' lang='lat' dir='ltr'>recla—</span> 
     </span>
     <span class='ocr_line' id='line_1_26' title="bbox 87 2566 1884 2647; baseline -0.002 -19"><span class='ocrx_word' id='word_1_228' title='bbox 87 2581 289 2629; x_wconf 89' lang='lat' dir='ltr'>mante</span> <span class='ocrx_word' id='word_1_229' title='bbox 322 2591 394 2629; x_wconf 87' lang='lat' dir='ltr'>ex</span> <span class='ocrx_word' id='word_1_230' title='bbox 416 2580 505 2628; x_wconf 93' lang='lat' dir='ltr'>tot</span> <span class='ocrx_word' id='word_1_231' title='bbox 540 2568 677 2630; x_wconf 90' lang='lat' dir='ltr'>viris</span> <span class='ocrx_word' id='word_1_232' title='bbox 714 2572 1018 2627; x_wconf 87' lang='lat' dir='ltr'>sanctitate</span> <span class='ocrx_word' id='word_1_233' title='bbox 1062 2568 1121 2627; x_wconf 88' lang='lat' dir='ltr'>et</span> <span class='ocrx_word' id='word_1_234' title='bbox 1144 2566 1407 2625; x_wconf 90' lang='lat' dir='ltr'>doctrina</span> <span class='ocrx_word' id='word_1_235' title='bbox 1436 2566 1884 2647; x_wconf 79' lang='lat' dir='ltr'>spectatissimis,</span> 
     </span>
    </p>

    <p class='ocr_par' dir='ltr' id='par_1_4' title="bbox 171 2659 2202 2746">
     <span class='ocr_line' id='line_1_27' title="bbox 171 2659 2202 2746; baseline 0 -25"><span class='ocrx_word' id='word_1_236' title='bbox 171 2664 268 2724; x_wconf 82' lang='lat'>59.</span> <span class='ocrx_word' id='word_1_237' title='bbox 317 2666 507 2746; x_wconf 87' lang='lat' dir='ltr'>Atque</span> <span class='ocrx_word' id='word_1_238' title='bbox 552 2663 689 2722; x_wconf 90' lang='lat' dir='ltr'>hinc</span> <span class='ocrx_word' id='word_1_239' title='bbox 735 2663 963 2743; x_wconf 80' lang='lat' dir='ltr'>exurgit</span> <span class='ocrx_word' id='word_1_240' title='bbox 1010 2671 1429 2744; x_wconf 83' lang='lat' dir='ltr'>argumentum</span> <span class='ocrx_word' id='word_1_241' title='bbox 1482 2659 1934 2742; x_wconf 83' lang='lat' dir='ltr'>praescriptionis</span> <span class='ocrx_word' id='word_1_242' title='bbox 1967 2705 1984 2735; x_wconf 77' lang='grc'><em>,</em></span> <span class='ocrx_word' id='word_1_243' title='bbox 2043 2662 2202 2743; x_wconf 89' lang='lat' dir='ltr'>quod</span> 
     </span>
    </p>
   </div>
   <div class='ocr_carea' id='block_1_3' title="bbox 92 2878 2283 3195">
    <p class='ocr_par' dir='ltr' id='par_1_5' title="bbox 167 2878 2200 2947">
     <span class='ocr_line' id='line_1_28' title="bbox 167 2878 2200 2947; baseline 0 -19"><span class='ocrx_word' id='word_1_244' title='bbox 167 2881 228 2943; x_wconf 93' lang='lat' dir='ltr'>(l)</span> <span class='ocrx_word' id='word_1_245' title='bbox 265 2881 363 2930; x_wconf 88' lang='lat' dir='ltr'>Cfr.</span> <span class='ocrx_word' id='word_1_246' title='bbox 392 2882 511 2930; x_wconf 86' lang='lat' dir='ltr'>ibid.</span> <span class='ocrx_word' id='word_1_247' title='bbox 545 2891 660 2932; x_wconf 88' lang='lat' dir='ltr'>tom.</span> <span class='ocrx_word' id='word_1_248' title='bbox 693 2899 758 2942; x_wconf 84' lang='lat'>11,</span> <span class='ocrx_word' id='word_1_249' title='bbox 793 2900 898 2947; x_wconf 85' lang='lat' dir='ltr'>pag.</span> <span class='ocrx_word' id='word_1_250' title='bbox 932 2882 1012 2930; x_wconf 83' lang='lat'>33.</span> <span class='ocrx_word' id='word_1_251' title='bbox 1194 2898 1220 2927; x_wconf 88' lang='lat' dir='ltr'>a</span> <span class='ocrx_word' id='word_1_252' title='bbox 1251 2879 1351 2928; x_wconf 85' lang='lat' dir='ltr'>Jos.</span> <span class='ocrx_word' id='word_1_253' title='bbox 1383 2878 1655 2927; x_wconf 86' lang='lat' dir='ltr'>Blanchinio</span> <span class='ocrx_word' id='word_1_254' title='bbox 1677 2915 1690 2937; x_wconf 91' lang='lat'><strong>‚</strong></span> <span class='ocrx_word' id='word_1_255' title='bbox 1725 2889 1838 2926; x_wconf 85' lang='lat' dir='ltr'>tom.</span> <span class='ocrx_word' id='word_1_256' title='bbox 1873 2895 1921 2937; x_wconf 90' lang='lat'>1,</span> <span class='ocrx_word' id='word_1_257' title='bbox 1952 2879 2031 2927; x_wconf 90' lang='lat' dir='ltr'>fol.</span> <span class='ocrx_word' id='word_1_258' title='bbox 2065 2879 2200 2928; x_wconf 89' lang='lat' dir='ltr'>Rom.</span> 
     </span>
    </p>

    <p class='ocr_par' dir='ltr' id='par_1_6' title="bbox 92 2956 2204 3112">
     <span class='ocr_line' id='line_1_29' title="bbox 160 2956 2204 3030; baseline -0.001 -19"><span class='ocrx_word' id='word_1_259' title='bbox 160 2964 226 3028; x_wconf 60' lang='lat'>(⁶2)</span> <span class='ocrx_word' id='word_1_260' title='bbox 263 2963 364 3011; x_wconf 85' lang='lat' dir='ltr'>Cfr.</span> <span class='ocrx_word' id='word_1_261' title='bbox 404 2964 521 3012; x_wconf 89' lang='lat' dir='ltr'>ibid.</span> <span class='ocrx_word' id='word_1_262' title='bbox 562 2980 667 3030; x_wconf 82' lang='lat' dir='ltr'>pag.</span> <span class='ocrx_word' id='word_1_263' title='bbox 717 2962 808 3028; x_wconf 77' lang='grc'>145</span> <span class='ocrx_word' id='word_1_264' title='bbox 842 2970 887 3012; x_wconf 90' lang='lat' dir='ltr'>et</span> <span class='ocrx_word' id='word_1_265' title='bbox 920 2981 1019 3030; x_wconf 84' lang='lat' dir='ltr'>seq.</span> <span class='ocrx_word' id='word_1_266' title='bbox 1055 2968 1102 3011; x_wconf 84' lang='lat' dir='ltr'>et</span> <span class='ocrx_word' id='word_1_267' title='bbox 1199 2956 1218 3007; x_wconf 36' lang='lat'>⁷1</span> <span class='ocrx_word' id='word_1_268' title='bbox 1232 2958 1322 3027; x_wconf 69' lang='lat'>741</span> <span class='ocrx_word' id='word_1_269' title='bbox 1349 2976 1364 3023; x_wconf 89' lang='lat'>;</span> <span class='ocrx_word' id='word_1_270' title='bbox 1395 2970 1442 3008; x_wconf 84' lang='lat' dir='ltr'>et</span> <span class='ocrx_word' id='word_1_271' title='bbox 1475 2957 1598 3008; x_wconf 86' lang='lat' dir='ltr'>Lud.</span> <span class='ocrx_word' id='word_1_272' title='bbox 1634 2958 1942 3018; x_wconf 81' lang='lat' dir='ltr'>Muratorius‚</span> <span class='ocrx_word' id='word_1_273' title='bbox 1972 2959 2204 3025; x_wconf 76' lang='lat' dir='ltr'>Liturqia</span> 
     </span>
     <span class='ocr_line' id='line_1_30' title="bbox 92 3039 2202 3112; baseline -0.001 -19"><span class='ocrx_word' id='word_1_274' title='bbox 92 3062 195 3110; x_wconf 82' lang='lat' dir='ltr'>pag.</span> <span class='ocrx_word' id='word_1_275' title='bbox 238 3042 332 3109; x_wconf 88' lang='lat'>176</span> <span class='ocrx_word' id='word_1_276' title='bbox 359 3055 404 3094; x_wconf 88' lang='lat' dir='ltr'>et</span> <span class='ocrx_word' id='word_1_277' title='bbox 436 3063 568 3112; x_wconf 85' lang='lat' dir='ltr'>seqq.</span> <span class='ocrx_word' id='word_1_278' title='bbox 1193 3058 1315 3090; x_wconf 85' lang='lat' dir='ltr'>rom.</span> <span class='ocrx_word' id='word_1_279' title='bbox 1332 3050 1484 3097; x_wconf 75' lang='lat' dir='ltr'>vetus,</span> <span class='ocrx_word' id='word_1_280' title='bbox 1506 3040 1651 3089; x_wconf 89' lang='lat' dir='ltr'>duob.</span> <span class='ocrx_word' id='word_1_281' title='bbox 1669 3039 1762 3087; x_wconf 88' lang='lat' dir='ltr'>vol.</span> <span class='ocrx_word' id='word_1_282' title='bbox 1780 3039 2038 3089; x_wconf 80' lang='lat' dir='ltr'>f01.Venet.</span> <span class='ocrx_word' id='word_1_283' title='bbox 2058 3039 2202 3108; x_wconf 70' lang='lat'>1748.</span> 
     </span>
    </p>

    <p class='ocr_par' dir='ltr' id='par_1_7' title="bbox 164 3119 2283 3195">
     <span class='ocr_line' id='line_1_31' title="bbox 164 3119 2283 3195; baseline -0.001 -22"><span class='ocrx_word' id='word_1_284' title='bbox 164 3123 224 3190; x_wconf 88' lang='grc'>(3)</span> <span class='ocrx_word' id='word_1_285' title='bbox 262 3126 384 3174; x_wconf 88' lang='lat' dir='ltr'>Ibid.</span> <span class='ocrx_word' id='word_1_286' title='bbox 417 3145 522 3191; x_wconf 83' lang='lat' dir='ltr'>pag.</span> <span class='ocrx_word' id='word_1_287' title='bbox 561 3124 679 3190; x_wconf 68' lang='lat'><strong>242.</strong></span> <span class='ocrx_word' id='word_1_288' title='bbox 975 3140 980 3144; x_wconf 85' lang='grc'><strong><em>·</em></strong></span> <span class='ocrx_word' id='word_1_289' title='bbox 1265 3124 1330 3187; x_wconf 70' lang='grc' dir='ltr'>(ὅ)</span> <span class='ocrx_word' id='word_1_290' title='bbox 1365 3120 1477 3172; x_wconf 67' lang='grc' dir='ltr'>Εἶτα</span> <span class='ocrx_word' id='word_1_291' title='bbox 1505 3119 1825 3184; x_wconf 67' lang='grc' dir='ltr'>μνημονεῦομεν</span> <span class='ocrx_word' id='word_1_292' title='bbox 1852 3119 1929 3170; x_wconf 67' lang='grc' dir='ltr'>καὶ</span> <span class='ocrx_word' id='word_1_293' title='bbox 1948 3127 2027 3171; x_wconf 74' lang='grc' dir='ltr'>τόν</span> <span class='ocrx_word' id='word_1_294' title='bbox 2043 3143 2203 3189; x_wconf 65' lang='grc' dir='ltr'><strong><em>κροκι·</em></strong></span> <span class='ocrx_word' id='word_1_295' title='bbox 2278 3186 2283 3195; x_wconf 78' lang='lat'><strong>.</strong></span> 
     </span>
    </p>
   </div>
   <div class='ocr_carea' id='block_1_4' title="bbox 95 3201 2208 3518">
    <p class='ocr_par' dir='ltr' id='par_1_8' title="bbox 95 3201 2208 3518">
     <span class='ocr_line' id='line_1_32' title="bbox 160 3201 2206 3273; baseline -0.001 -19"><span class='ocrx_word' id='word_1_296' title='bbox 160 3206 231 3270; x_wconf 60' lang='lat' dir='ltr'>(lt)</span> <span class='ocrx_word' id='word_1_297' title='bbox 268 3206 376 3255; x_wconf 85' lang='lat' dir='ltr'>Haec</span> <span class='ocrx_word' id='word_1_298' title='bbox 392 3211 512 3257; x_wconf 83' lang='lat' dir='ltr'>inter</span> <span class='ocrx_word' id='word_1_299' title='bbox 529 3219 698 3258; x_wconf 84' lang='lat' dir='ltr'>ceteros</span> <span class='ocrx_word' id='word_1_300' title='bbox 715 3207 897 3257; x_wconf 86' lang='lat' dir='ltr'>exhibet</span> <span class='ocrx_word' id='word_1_301' title='bbox 910 3207 1100 3273; x_wconf 77' lang='lat' dir='ltr'>loseph.</span> <span class='ocrx_word' id='word_1_302' title='bbox 1196 3226 1372 3269; x_wconf 76' lang='grc' dir='ltr'><strong><em>κοιμημ</em></strong></span> <span class='ocrx_word' id='word_1_303' title='bbox 1387 3201 1478 3252; x_wconf 73' lang='grc' dir='ltr'>ἔνων</span> <span class='ocrx_word' id='word_1_304' title='bbox 1494 3241 1507 3265; x_wconf 88' lang='grc'>,</span> <span class='ocrx_word' id='word_1_305' title='bbox 1522 3207 1685 3269; x_wconf 56' lang='grc' dir='ltr'>πρῶτον</span> <span class='ocrx_word' id='word_1_306' title='bbox 1706 3208 1986 3270; x_wconf 66' lang='grc' dir='ltr'>πατριαρχὸν</span> <span class='ocrx_word' id='word_1_307' title='bbox 2003 3242 2018 3267; x_wconf 86' lang='grc'>,</span> <span class='ocrx_word' id='word_1_308' title='bbox 2033 3211 2206 3271; x_wconf 74' lang='grc' dir='ltr'><strong><em>προφη-</em></strong></span> 
     </span>
     <span class='ocr_line' id='line_1_33' title="bbox 95 3279 2208 3355; baseline 0 -20"><span class='ocrx_word' id='word_1_309' title='bbox 95 3286 252 3353; x_wconf 74' lang='lat' dir='ltr'>AlcyS.</span> <span class='ocrx_word' id='word_1_310' title='bbox 269 3287 546 3338; x_wconf 77' lang='lat' dir='ltr'>Assemanus</span> <span class='ocrx_word' id='word_1_311' title='bbox 561 3293 611 3338; x_wconf 89' lang='lat' dir='ltr'>in</span> <span class='ocrx_word' id='word_1_312' title='bbox 629 3308 763 3355; x_wconf 85' lang='lat' dir='ltr'>opere</span> <span class='ocrx_word' id='word_1_313' title='bbox 778 3329 790 3350; x_wconf 85' lang='lat'>‚</span> <span class='ocrx_word' id='word_1_314' title='bbox 809 3292 883 3338; x_wconf 90' lang='lat' dir='ltr'>cui</span> <span class='ocrx_word' id='word_1_315' title='bbox 904 3290 1061 3338; x_wconf 81' lang='lat' dir='ltr'>titulus</span> <span class='ocrx_word' id='word_1_316' title='bbox 1087 3305 1100 3336; x_wconf 76' lang='grc' dir='ltr'><em>τ</em></span> <span class='ocrx_word' id='word_1_317' title='bbox 1199 3293 1279 3336; x_wconf 67' lang='grc' dir='ltr'>τῶν</span> <span class='ocrx_word' id='word_1_318' title='bbox 1296 3325 1309 3349; x_wconf 87' lang='grc'>,</span> <span class='ocrx_word' id='word_1_319' title='bbox 1340 3285 1597 3334; x_wconf 52' lang='lat' dir='ltr'>‹imo-TAM„</span> <span class='ocrx_word' id='word_1_320' title='bbox 1612 3323 1624 3347; x_wconf 89' lang='lat'>‚</span> <span class='ocrx_word' id='word_1_321' title='bbox 1647 3279 1870 3351; x_wconf 60' lang='grc' dir='ltr'>μαρτύρων</span> <span class='ocrx_word' id='word_1_322' title='bbox 1887 3325 1900 3347; x_wconf 84' lang='lat'>‚</span> <span class='ocrx_word' id='word_1_323' title='bbox 1927 3282 2039 3340; x_wconf 67' lang='grc' dir='ltr'>ἔτας</span> <span class='ocrx_word' id='word_1_324' title='bbox 2057 3288 2079 3335; x_wconf 81' lang='lat' dir='ltr'>o‘</span> <span class='ocrx_word' id='word_1_325' title='bbox 2094 3284 2208 3339; x_wconf 75' lang='grc' dir='ltr'>Θιδς</span> 
     </span>
     <span class='ocr_line' id='line_1_34' title="bbox 100 3365 2208 3435; baseline 0 -18"><span class='ocrx_word' id='word_1_326' title='bbox 100 3368 260 3417; x_wconf 75' lang='lat' dir='ltr'>Codex</span> <span class='ocrx_word' id='word_1_327' title='bbox 275 3368 558 3435; x_wconf 69' lang='lat' dir='ltr'>Liturqicus</span> <span class='ocrx_word' id='word_1_328' title='bbox 577 3370 630 3420; x_wconf 86' lang='lat' dir='ltr'><em>E</em></span> <span class='ocrx_word' id='word_1_329' title='bbox 630 3371 812 3421; x_wconf 74' lang='lat' dir='ltr'>cclesioe</span> <span class='ocrx_word' id='word_1_330' title='bbox 831 3372 1069 3420; x_wconf 61' lang='lat' dir='ltr'>universa!</span> <span class='ocrx_word' id='word_1_331' title='bbox 1087 3407 1099 3430; x_wconf 89' lang='lat'><strong><em>,</em></strong></span> <span class='ocrx_word' id='word_1_332' title='bbox 1196 3371 1297 3422; x_wconf 66' lang='grc' dir='ltr'>ταῖς</span> <span class='ocrx_word' id='word_1_333' title='bbox 1328 3369 1481 3430; x_wconf 74' lang='grc' dir='ltr'>εόχιιῖς</span> <span class='ocrx_word' id='word_1_334' title='bbox 1517 3369 1652 3416; x_wconf 70' lang='grc' dir='ltr'>αὗτὸν</span> <span class='ocrx_word' id='word_1_335' title='bbox 1680 3365 1757 3416; x_wconf 68' lang='grc' dir='ltr'>καὶ</span> <span class='ocrx_word' id='word_1_336' title='bbox 1780 3366 2036 3434; x_wconf 59' lang='grc' dir='ltr'>πρατβειόιις</span> <span class='ocrx_word' id='word_1_337' title='bbox 2068 3390 2208 3435; x_wconf 72' lang='grc' dir='ltr'><strong><em>προσ--</em></strong></span> 
     </span>
     <span class='ocr_line' id='line_1_35' title="bbox 96 3446 2208 3518; baseline 0 -19"><span class='ocrx_word' id='word_1_338' title='bbox 96 3449 254 3499; x_wconf 87' lang='lat' dir='ltr'>Romae</span> <span class='ocrx_word' id='word_1_339' title='bbox 305 3450 424 3518; x_wconf 83' lang='lat'>1751</span> <span class='ocrx_word' id='word_1_340' title='bbox 455 3489 469 3512; x_wconf 87' lang='lat'><strong>‚</strong></span> <span class='ocrx_word' id='word_1_341' title='bbox 510 3455 602 3502; x_wconf 78' lang='lat' dir='ltr'>vol.</span> <span class='ocrx_word' id='word_1_342' title='bbox 644 3469 693 3502; x_wconf 72' lang='lat' dir='ltr'>lv</span> <span class='ocrx_word' id='word_1_343' title='bbox 716 3491 729 3512; x_wconf 84' lang='lat'>‚</span> <span class='ocrx_word' id='word_1_344' title='bbox 775 3471 804 3500; x_wconf 90' lang='lat' dir='ltr'><strong>v</strong></span> <span class='ocrx_word' id='word_1_345' title='bbox 830 3491 844 3515; x_wconf 92' lang='lat'>‚</span> <span class='ocrx_word' id='word_1_346' title='bbox 887 3471 934 3502; x_wconf 78' lang='lat' dir='ltr'>vx</span> <span class='ocrx_word' id='word_1_347' title='bbox 951 3489 966 3512; x_wconf 91' lang='lat'>,</span> <span class='ocrx_word' id='word_1_348' title='bbox 1011 3455 1104 3500; x_wconf 89' lang='lat' dir='ltr'>sive</span> <span class='ocrx_word' id='word_1_349' title='bbox 1200 3449 1387 3512; x_wconf 68' lang='grc' dir='ltr'>δέξηται</span> <span class='ocrx_word' id='word_1_350' title='bbox 1406 3451 1522 3513; x_wconf 69' lang='grc' dir='ltr'><em>»ἱμῶν</em></span> <span class='ocrx_word' id='word_1_351' title='bbox 1539 3446 1615 3505; x_wconf 67' lang='grc' dir='ltr'>τοῖν</span> <span class='ocrx_word' id='word_1_352' title='bbox 1632 3447 1801 3505; x_wconf 66' lang='grc' dir='ltr'>δέησιν.</span> <span class='ocrx_word' id='word_1_353' title='bbox 1822 3450 2060 3501; x_wconf 73' lang='lat' dir='ltr'>Cateches.</span> <span class='ocrx_word' id='word_1_354' title='bbox 2077 3468 2208 3518; x_wconf 72' lang='lat' dir='ltr'>mys-</span> 
     </span>
    </p>
   </div>
   <div class='ocr_carea' id='block_1_5' title="bbox 96 3530 2200 3682">
    <p class='ocr_par' dir='ltr' id='par_1_9' title="bbox 96 3530 2200 3682">
     <span class='ocr_line' id='line_1_36' title="bbox 102 3530 2200 3600; baseline 0.002 -21"><span class='ocrx_word' id='word_1_355' title='bbox 102 3542 214 3580; x_wconf 79' lang='lat' dir='ltr'>tom.</span> <span class='ocrx_word' id='word_1_356' title='bbox 258 3549 324 3593; x_wconf 76' lang='grc' dir='ltr'>ιν,</span> <span class='ocrx_word' id='word_1_357' title='bbox 357 3543 477 3597; x_wconf 86' lang='lat' dir='ltr'>part.</span> <span class='ocrx_word' id='word_1_358' title='bbox 532 3551 549 3582; x_wconf 89' lang='lat'>1</span> <span class='ocrx_word' id='word_1_359' title='bbox 580 3570 598 3595; x_wconf 88' lang='lat'>‚</span> <span class='ocrx_word' id='word_1_360' title='bbox 647 3550 677 3582; x_wconf 78' lang='lat'>2</span> <span class='ocrx_word' id='word_1_361' title='bbox 709 3573 722 3595; x_wconf 92' lang='lat'><em>‚</em></span> <span class='ocrx_word' id='word_1_362' title='bbox 769 3535 835 3600; x_wconf 80' lang='lat'>33</span> <span class='ocrx_word' id='word_1_363' title='bbox 877 3552 965 3584; x_wconf 85' lang='lat' dir='ltr'>nec</span> <span class='ocrx_word' id='word_1_364' title='bbox 1007 3551 1103 3582; x_wconf 89' lang='lat' dir='ltr'>non</span> <span class='ocrx_word' id='word_1_365' title='bbox 1197 3530 1690 3599; x_wconf 76' lang='lat' dir='ltr'>taqoq.v-‚§1x,pag.</span> <span class='ocrx_word' id='word_1_366' title='bbox 1714 3531 1813 3583; x_wconf 84' lang='lat'>328</span> <span class='ocrx_word' id='word_1_367' title='bbox 1840 3534 1956 3583; x_wconf 85' lang='lat' dir='ltr'>edit.</span> <span class='ocrx_word' id='word_1_368' title='bbox 1985 3532 2200 3584; x_wconf 72' lang='lat' dir='ltr'>Touttee.</span> 
     </span>
     <span class='ocr_line' id='line_1_37' title="bbox 96 3612 1784 3682; baseline 0.002 -21"><span class='ocrx_word' id='word_1_369' title='bbox 96 3613 149 3662; x_wconf 88' lang='lat' dir='ltr'>B.</span> <span class='ocrx_word' id='word_1_370' title='bbox 170 3612 264 3662; x_wconf 88' lang='lat' dir='ltr'>Jos.</span> <span class='ocrx_word' id='word_1_371' title='bbox 287 3613 406 3664; x_wconf 84' lang='lat' dir='ltr'>Mar.</span> <span class='ocrx_word' id='word_1_372' title='bbox 424 3613 565 3665; x_wconf 84' lang='lat' dir='ltr'>Card.</span> <span class='ocrx_word' id='word_1_373' title='bbox 586 3615 822 3666; x_wconf 82' lang='lat' dir='ltr'>Thomasii</span> <span class='ocrx_word' id='word_1_374' title='bbox 847 3633 953 3682; x_wconf 88' lang='lat' dir='ltr'>opp.</span> <span class='ocrx_word' id='word_1_375' title='bbox 985 3614 1106 3664; x_wconf 86' lang='lat' dir='ltr'>edita</span> <span class='ocrx_word' id='word_1_376' title='bbox 1199 3614 1300 3667; x_wconf 74' lang='lat' dir='ltr'>cfr.</span> <span class='ocrx_word' id='word_1_377' title='bbox 1331 3615 1541 3681; x_wconf 86' lang='lat' dir='ltr'>ejusdem</span> <span class='ocrx_word' id='word_1_378' title='bbox 1568 3625 1669 3666; x_wconf 88' lang='lat' dir='ltr'>not.</span> <span class='ocrx_word' id='word_1_379' title='bbox 1700 3617 1784 3681; x_wconf 83' lang='grc' dir='ltr'><strong>(α).</strong></span> 
     </span>
    </p>
   </div>
   <div class='ocr_carea' id='block_1_6' title="bbox 255 3694 1962 3754">
    <p class='ocr_par' dir='ltr' id='par_1_10' title="bbox 255 3694 1962 3754">
     <span class='ocr_line' id='line_1_38' title="bbox 255 3694 1962 3754; baseline 0 -2"><span class='ocrx_word' id='word_1_380' title='bbox 255 3694 326 3753; x_wconf 94' lang='grc' dir='ltr'>Τ.</span> <span class='ocrx_word' id='word_1_381' title='bbox 372 3695 465 3754; x_wconf 91' lang='lat' dir='ltr'>IV.</span> <span class='ocrx_word' id='word_1_382' title='bbox 1882 3695 1962 3753; x_wconf 69' lang='lat'>‘24</span> 
     </span>
    </p>
   </div>
  </div>
 </body>
</html>
