2534 4088
314 197 392 254 42
964 219 1157 256 raAcr.
1204 222 1271 257 »Ε
1313 222 1753 262 ιΝοΔΒΝΑΤιοΝΕ.

321 362 380 419 10
415 360 679 435 Etenim,
711 372 776 419 ut
802 358 1218 422 animadvertit
1256 364 1326 422 R.
1371 363 1708 425 Aben-Ezra
1740 365 1828 448 (l)
1861 389 1874 424 z
1915 367 2055 428 Non
2099 380 2182 428 est
2218 391 2422 433 seusus

315 457 632 516 verborum
651 478 663 514 ε
679 458 874 539 ’.ΞΓᾜῙ
901 454 925 534 (
939 455 1157 537 ad—lci)
1178 478 1283 516 seu
1305 458 1515 536 donec,
1532 482 1718 541 usque
1744 473 1845 522 etc.
1867 474 2164 542 sceptrum
2190 486 2304 525 esse
2329 489 2424 527 re-

314 600 654 650 cessurum,
699 596 832 635 cum
875 587 1103 639 venerit
1122 581 1316 640 Scz‘loh
1331 605 1356 655 ,-
1391 583 1495 640 sed
1519 583 1642 643 hoec
1677 590 1887 645 locutio
1914 589 2134 646 similis
2165 599 2249 647 est
2283 591 2416 648 illi:

317 675 462 734 Non
504 675 691 732 deerit
729 673 871 733 huic
902 680 1097 755 panis
1121 720 1144 748 ,
1190 677 1371 736 donec
1412 682 1618 737 veniat
1656 691 1888 759 tempus
1913 726 1937 754 ,
1993 705 2108 762 quc
2150 687 2207 743 ei
2247 695 2428 744 eruut

316 773 457 850 agri
496 771 798 849 viueoeque
840 773 1044 830 multoe
1117 772 1141 851 (
1179 774 1250 831 z'd
1286 784 1370 832 est
1390 817 1407 850 ‚
1464 774 1707 853 quaudo
1770 781 1959 835 veniet
1997 788 2224 858 tempus
2276 786 2426 860 ejus-

314 865 483 923 modi
508 908 529 936 ,
572 870 783 925 miuus
835 870 895 926 ei
925 859 1109 946 panis
1164 866 1446 952 deerit);
1504 873 1646 928 item
1707 869 1854 930 Gen.
1915 871 2027 932 XX
2042 875 2209 935 VIII
2234 921 2249 951 .,
2302 875 2421 934 15:

312 959 457 1019 Nou
498 961 766 1020 deseram
809 973 860 1021 te
879 1006 902 1035 ,
948 985 1131 1043 usque
1173 965 1325 1023 dum
1360 968 1553 1043 fecero
1569 1008 1590 1037 ,
1635 966 1798 1044 quod
1830 967 2061 1027 locutus
2104 990 2243 1029 sum
2275 973 2423 1044 tibi,

314 1054 471 1137 quod
486 1076 701 1139 nempe
722 1057 899 1118 velim
925 1070 983 1119 te
1013 1058 1289 1120 reducere
1314 1060 1377 1119 in
1405 1060 1558 1121 hanc
1579 1072 1829 1134 terram,
1863 1061 1924 1121 id
1952 1073 2040 1122 est
2057 1106 2079 1135 ,
2103 1064 2289 1126 multo
2312 1067 2426 1125 mi-

312 1173 424 1210 nus
451 1162 509 1212 te
537 1151 843 1212 reductum
866 1155 929 1212 in
950 1166 1167 1215 terram
1189 1155 1485 1231 deseram3
1515 1155 1780 1216 similiter
1806 1157 1981 1238 igitur
2004 1157 2214 1219 dicitur
2238 1183 2251 1218 :
2284 1163 2426 1221 Non

311 1248 534 1306 recedet
573 1259 871 1328 sceptrum
913 1272 953 1309 a
1006 1251 1286 1310 Jeltudah.
1320 1296 1344 1324 ,
1403 1253 1583 1311 donec
1640 1255 1843 1311 veniat
1892 1254 2119 1328 Scilol2‚
2181 1256 2254 1313 id
2304 1267 2423 1329 est,

311 1363 636 1422 uunquam
678 1348 993 1424 auferetur
1023 1391 1038 1420 .,
1096 1368 1199 1405 seu
1255 1369 1578 1427 uunquam
1634 1349 1857 1406 recedet
1909 1360 2205 1428 sceptrum
2257 1373 2297 1410 a
2337 1356 2427 1409 Je-

312 1438 552 1514 laudab,
599 1442 786 1500 multo
828 1446 1073 1514 minus,
1117 1465 1309 1522 quum
1341 1447 1567 1502 venerit
1607 1444 1823 1502 Sciloh.
1860 1445 2007 1503 Huic
2035 1445 2323 1505 consentit
2350 1448 2420 1505 R.

313 1533 520 1593 Bechai
544 1581 559 1610 ,
577 1540 743 1613 juxta
769 1541 927 1615 cujus
955 1537 1502 1620 interpretationem
1537 1537 1632 1597 hic
1671 1550 1974 1618 exurgeret
2006 1561 2246 1599 sensus:
2283 1541 2426 1601 Non

311 1633 626 1709 auferetur
663 1644 1034 1711 sceptrum...
1077 1638 1147 1693 iu
1185 1645 1478 1695 aetermcm
1493 1679 1517 1707 ,
1561 1645 1876 1715 postquam
1929 1640 2159 1694 venerit
2203 1637 2419 1696 Sciloh.

313 1727 453 1798 Quae
479 1727 719 1808 quidem
750 1729 1028 1811 expositio
1057 1729 1274 1790 arridet
1302 1730 1641 1790 Christianis
1679 1731 1846 1812 ipsis3
1883 1731 2169 1813 siquidem
2209 1734 2424 1792 Basna-

311 1821 433 1901 gius
447 1821 537 1903 (2)
547 1823 838 1900 observat,
861 1837 948 1917 ἐξ-ἲ
970 1848 1092 1885 non
1116 1825 1305 1886 solum
1329 1827 1648 1906 significare
1661 1827 1861 1902 donec,
1880 1819 2064 1908 usque
2085 1871 2106 1900 ,
2123 1826 2224 1888 sed
2248 1829 2425 1888 etiam

304 1958 614 2025 perpetuo,
638 1959 705 2007 ut
729 1948 886 2031 apud
915 1951 1173 2031 Moysem
1200 1971 1213 2006 :
1242 1951 1541 2008 Dominus
1571 1950 1847 2030 requabz't
1865 1955 1934 2009 iu
1964 1952 2249 2010 sceculum
2269 1995 2286 2025 7
2313 1961 2422 2041 ψ’]

312 2069 546 2153 (vead)
587 2082 641 2130 et
681 2083 1011 2151 perpetum
1057 2082 1117 2131 et
1163 2070 1320 2154 apud
1365 2071 1569 2132 Isaiam
1614 2094 1628 2131 z
1680 2075 1763 2142 'Sy
1807 2074 1919 2142 ’Ἰν
1964 2084 2275 2154 perpetuo-
2333 2075 2414 2133 Ex

311 2163 522 2246 quibus
573 2166 916 2242 concludit3
975 2169 1079 2227 Sic
1121 2171 1319 2248 zyz'tur
1372 2168 1652 2227 vertenda
1692 2179 1838 2227 sunt
1894 2169 2073 2228 verba
2115 2172 2426 2228 morientis

305 2262 605 2343 prophetoe
631 2288 647 2320 .·
692 2263 1004 2340 Sceptrum
1047 2264 1406 2343 leyislatorve
1452 2263 1522 2320 de
1563 2264 1747 2323 Judce
1788 2265 2084 2342 sauyuiue
2125 2275 2319 2327 cretus
2345 2265 2423 2322 ah

311 2377 372 2414 eo
407 2378 526 2415 nou
550 2358 774 2417 recedet
809 2363 1259 2437 inperpetuum
1280 2401 1302 2430 ,
1345 2363 1493 2437 quia
1520 2362 1713 2417 vem‘et
1738 2358 1990 2416 Schiloh.
2017 2358 2084 2415 20
2129 2359 2337 2416 Verum
2364 2369 2423 2416 et

309 2451 419 2511 hoc
451 2454 844 2534 proetermisso
866 2499 882 2529 ,
928 2454 1055 2535 quis
1097 2453 1350 2532 ignorat,
1389 2473 1591 2514 vocem
1627 2454 1844 2511 sceveth.
1874 2450 2170 2511 interdum
2200 2452 2421 2531 virgam

311 2547 632 2607 afflictionis
661 2569 726 2608 ac
745 2547 1134 2607 tribulationis
1157 2548 1498 2628 significare,
1518 2552 1685 2626 juxta
1711 2546 1859 2606 illud
1885 2549 1977 2604 Ps.
2018 2547 2099 2613 11,
2137 2546 2207 2604 9:
2237 2547 2424 2627 Reges

310 2664 401 2702 eos
426 2649 494 2703 iu
526 2648 698 2724 virga
721 2647 957 2723 ferrea3
990 2655 1049 2703 et
1087 2646 1160 2702 Is,
1209 2645 1283 2718 X7
1320 2643 1375 2703 5.
1406 2642 1557 2701 Talis
1602 2653 1911 2724 propterea
1946 2651 2033 2700 est
2073 2662 2275 2700 sensus
2317 2643 2420 2700 Ja-

310 2737 438 2796 cobi
470 2762 484 2798 :
522 2739 665 2798 Nou
693 2741 916 2798 recedet
938 2744 1111 2820 virqa
1141 2740 1475 2817 afflictionis
1507 2760 1546 2796 a
1588 2738 1790 2812 Juda‚
1833 2736 2011 2795 donec
2047 2742 2249 2795 veniat
2281 2739 2422 2797 Sci-

311 2834 406 2892 loli
426 2833 535 2914 (3).
585 2834 826 2892 Constat
856 2834 1031 2914 igitur
1072 2833 1303 2892 nullum
1347 2831 1802 2893 determinatum
1846 2831 2164 2891 terminum
2205 2833 2424 2893 Messiae

312 2930 595 2991 adventui
627 2951 658 2988 a
693 2928 872 2989 Jacob
910 2930 1304 3013 praestitutum
1339 2950 1482 2990 esse.

380 3096 447 3160 (l)
484 3095 582 3145 cfr.
610 3094 988 3161 Pentephyllum
1018 3094 1325 3144 rabbiuicum
1416 3105 1461 3144 et
1486 3097 1585 3160 ejus
1611 3093 1879 3160 phylarchia
1907 3111 2003 3142 non
2031 3094 2253 3152 cessabit,
2281 3093 2427 3142 donec

311 3180 367 3227 in
396 3176 522 3228 Gen.
542 3196 644 3228 xux
664 3216 677 3240 ,
706 3179 831 3228 stud.
857 3177 1048 3227 Loscani
1069 3213 1083 3236 ‚
1111 3195 1213 3244 pag.
1245 3193 1328 3226 22.
1415 3179 1512 3242 ipsa
1555 3193 1636 3241 per
1677 3194 1893 3241 magnum
1931 3186 2281 3224 restauratorem
2302 3210 2316 3233 ‚
2352 3178 2426 3223 cui

381 3261 442 3324 (2)
479 3259 666 3309 Annal.
679 3258 1160 3326 politico-ecclesiast.
1190 3259 1333 3307 Rote-
1417 3275 1514 3308 non
1543 3257 1626 3307 soli
1654 3256 1806 3306 Judaei
1827 3294 1841 3318 ‚
1875 3256 1954 3304 sed
1986 3273 2142 3306 omnes
2181 3267 2308 3303 terrae
2343 3274 2427 3322 po·

311 3344 412 3393 rod.
441 3341 595 3410 1706,
622 3354 734 3392 tom.
762 3359 779 3390 ι
799 3379 812 3403 ,
835 3343 893 3391 ad
916 3360 1089 3391 annum
1112 3340 1194 3405 4ο,
1230 3353 1336 3390 ante
1419 3341 1518 3406 puli
1545 3339 1787 3400 obedient,
1814 3340 1873 3388 ad
1901 3341 2118 3407 majorem
2141 3339 2361 3388 honorem
2384 3350 2428 3388 et

260 3433 262 3435 ’
310 3427 567 3479 Dominum
588 3463 601 3486 ‚
650 3443 704 3475 n.
762 3424 819 3474 18
867 3436 913 3474 et
977 3443 1107 3491 seqq.
1169 3422 1329 3489 Neque
1412 3421 1609 3487 gloriam
1639 3431 1793 3470 evecta
1824 3422 1979 3470 fuerit.
2008 3419 2308 3470 incommoda
2336 3421 2426 3469 hu-

311 3510 370 3558 ab
415 3510 505 3559 bac
548 3509 921 3573 interpretatione
969 3507 1100 3556 valde
1150 3505 1329 3554 abludit
1412 3502 1486 3571 jus
1515 3506 1807 3569 expositionis
1839 3520 1895 3551 ex
1928 3520 2032 3550 mox
2062 3502 2269 3551 dicendis
2299 3513 2427 3569 pate-

313 3590 680 3657 Hengstenberg.
711 3591 802 3638 loc.
834 3593 910 3637 cit.
940 3607 1046 3654 pag.
1076 3605 1132 3654 71
1157 3624 1172 3650 ‚
1196 3590 1326 3653 juxta
1413 3587 1544 3636 fient.

314 3690 454 3737 quem
473 3674 549 3722 hic
567 3690 724 3722 sensus
742 3682 859 3720 esset
880 3671 1124 3720 verborum
1142 3669 1285 3718 Jacob
1308 3686 1321 3716 τ
1477 3667 1546 3733 (3)
1596 3668 1734 3716 Hunc
1782 3667 1996 3715 eumdem
2049 3685 2237 3716 sensum
2278 3667 2426 3714 tenuit

313 3754 467 3817 Juda,
504 3765 638 3820 prout
674 3754 818 3803 tribus
856 3764 950 3815 cst,
990 3771 1086 3802 non
1122 3751 1323 3818 peribit,
1412 3761 1569 3799 auctor
1610 3767 1868 3815 anonymus
1908 3751 2068 3798 veteris
2113 3746 2385 3797 Nitzachon
2411 3783 2423 3805 ‚
