2534 4088
331 161 409 220 78

985 182 1188 224 TRACT.
1235 188 1305 224 DE
1347 189 1788 231 INCARNATIONE.

330 329 555 391 vocatio
572 328 650 389 ad
664 328 787 390 veri
800 329 890 387 Nu
897 327 1071 387 minis
1086 328 1310 389 cultum
1325 353 1431 414 per
1445 334 1713 396 futurum
1726 338 1998 400 Messiam
2014 342 2329 403 constituta
2345 356 2454 420 est,

326 429 408 487 ita
433 448 542 486 nec
564 426 758 484 minus
781 423 936 482 clara
963 425 1235 485 vaticinia
1263 437 1424 503 sunt,
1450 452 1582 511 quae
1609 433 1814 515 populi
1835 438 1859 512 j
1869 434 2053 494 udaiei
2071 457 2134 495 ac
2156 458 2459 520 synagogae

325 522 701 601 rejectionem
738 530 796 578 et
827 518 1249 602 dispersionem
1283 524 1686 604 portendunt,
1736 540 1796 588 et
1836 530 2075 612 quidem
2111 533 2175 590 in
2214 555 2460 615 poenam

324 617 618 701 repudiati
642 615 882 676 Messiae.
918 616 1175 677 Danielis
1209 619 1371 677 enim
1393 641 1522 702 cap.
1562 625 1674 697 IX,
1712 624 1793 682 26
1815 670 1830 699 ,
1869 615 2207 708 praedicitur
2256 652 2270 687 ε
2317 632 2462 690 Post

323 712 714 772 hebdomades
744 715 1060 793 sema-qima
1090 715 1248 773 duas
1269 717 1592 778 occidetur.
1609 718 1884 780 Christus
1899 765 1921 793 ,
1947 734 2003 780 et
2026 745 2149 782 non
2192 729 2310 783 erit
2328 730 2459 804 ejus

242 805 245 808 ’
307 809 579 889 populus
596 851 618 881 ,
661 812 777 887 qui
812 830 952 868 eum
1002 821 1338 890 negaturus
1371 822 1457 870 est
1490 811 1613 892 (1);
1654 823 1831 895 atque
1867 827 2004 877 ante
2035 819 2232 900 ipsum
2276 821 2452 881 Isaias

318 904 488 986 (VIII
511 949 527 980 ‚
558 903 675 985 14)
697 949 712 978 ,
749 903 996 987 loquens
1025 905 1099 966 de
1129 907 1334 967 Messia
1368 929 1381 966 :
1414 908 1503 968 Et
1526 913 1677 981 erit,
1707 909 1900 991 inquit
1914 953 1936 983 ,
1961 915 2125 977 vohis
2165 920 2236 975 in
2279 937 2456 990 aanor

318 1001 741 1078 tificatiouem3
784 1006 853 1060 in
889 1002 1155 1082 lapidem
1196 1013 1401 1062 autem
1442 1005 1779 1083 offensionis
1817 1017 1872 1065 et
1913 1010 1985 1066 in
2012 1020 2257 1088 petram
2285 1033 2458 1071 scan-

316 1098 454 1159 dali
490 1097 737 1160 duabus
776 1097 1056 1156 domibus
1090 1098 1292 1157 Israel
1311 1124 1327 1172 ς
1367 1103 1437 1158 in
1476 1102 1761 1180 laqueum
1791 1113 1848 1160 et
1869 1107 1941 1162 in
1973 1109 2235 1166 ruinam
2275 1108 2455 1168 hahi-

315 1195 588 1256 tantium
615 1193 978 1252 Jerusalem.
1022 1193 1111 1253 Et
1142 1194 1439 1274 offendent
1473 1218 1546 1254 eoe
1577 1201 1661 1255 eis
1685 1199 1955 1277 plurimi
1983 1245 1999 1274 a
2041 1212 2097 1259 et
2121 1203 2368 1277 cadent,
2404 1214 2462 1263 et

313 1297 735 1362 conterentur,
760 1298 816 1346 et
837 1291 1204 1349 irretientur
1228 1300 1285 1348 et
1304 1294 1631 1371 capientur
1653 1292 1767 1375 (2).
1795 1295 1943 1355 Osee
1980 1307 2205 1374 autem,
2237 1298 2319 1358 III
2339 1343 2356 1374 ,
2388 1298 2450 1374 4,

306 1505 309 1508 “
382 1507 449 1573 (1)
486 1506 547 1557 In
576 1501 805 1557 hebraico
829 1516 959 1556 textu
995 1483 1059 1564 ²1¹7
1101 1507 1222 1592 ΡΝἹ
1265 1505 1340 1556 E't
1424 1527 1518 1577 quo
1557 1511 1786 1561 refellitur
1826 1511 2186 1572 Rosenmiiller,
2232 1515 2314 1581 qui
2351 1515 2453 1564 haee

1424 1592 1563 1641 verba
1595 1610 1610 1642 ε
1640 1593 1712 1646 Et
1740 1611 1842 1645 non
1868 1595 1947 1655 ei,
1985 1595 2183 1660 exponit
2212 1613 2228 1644 z
2256 1594 2331 1643 Et
2352 1612 2451 1646 non

1417 1676 1514 1729 remit
1540 1676 1675 1736 sibi,
1709 1677 1755 1727 id
1794 1687 1896 1735 est,
1937 1678 2067 1726 inter
2105 1679 2351 1738 viventes,
2396 1688 2450 1727 ut

1421 1760 1595 1824 pariter
1608 1762 1824 1825 ,exposuit
1841 1758 2082 1813 Michaelis
2099 1777 2113 1825 ;
2146 1763 2317 1811 etenim
2353 1761 2450 1837 ΡΝ

309 1655 410 1689 non
437 1639 515 1699 ei,
545 1638 747 1704 ellipsim
772 1636 1081 1703 supplendam
1110 1655 1208 1687 esse
1232 1657 1337 1688 om-

307 1740 394 1772 nes
420 1731 598 1771 veteres
619 1723 890 1786 interpretes
923 1720 1163 1770 viderunt.
1195 1720 1337 1772 Porro

305 1804 496 1870 ellipses
529 1803 690 1851 locum
719 1820 817 1851 non
845 1801 1025 1851 habent
1054 1805 1145 1851 nisi
1169 1805 1220 1852 in
1246 1822 1336 1854 no-

308 1887 519 1939 tionibus
534 1894 581 1938 et
594 1885 884 1934 dictionibus
912 1885 1223 1952 frequentiori
1246 1905 1334 1937 usu
1419 1907 1669 1956 nunquam
1703 1891 1905 1939 includit
1927 1895 1977 1941 in
2010 1909 2059 1941 se
2085 1908 2326 1957 personam
2345 1892 2447 1955 ipse

305 1972 426 2020 tritis
446 2006 460 2027 ,
493 1987 610 2035 quas
642 1969 786 2016 lector
811 1986 867 2017 ex
893 1986 983 2017 usu
1006 1968 1233 2035 loquendi
1259 1969 1332 2018 fa·

306 2053 509 2102 miliares
540 2051 745 2101 habetet
770 2050 903 2102 facile
929 2052 1144 2116 supplere
1164 2061 1328 2120 potest.

305 2133 397 2183 Hic
436 2143 596 2182 autem
643 2133 736 2182 alia
781 2151 879 2182 esse
923 2151 1022 2182 non
1053 2121 1203 2198 potest
1238 2136 1328 2182 nisi

294 2214 541 2284 populus,
569 2217 707 2282 juxta
743 2217 1092 2263 usitatissimam
1137 2216 1328 2280 phrasin

303 2302 357 2348 in
372 2298 610 2364 Scriptura
628 2308 863 2362 receptam
883 2315 898 2346 :
916 2296 968 2345 E
969 2299 1079 2345 ritis
1094 2298 1221 2345 mihi
1236 2315 1328 2364 po-

293 2380 477 2448 pulus,
507 2380 582 2429 vel
598 2381 657 2428 in
675 2379 915 2446 populum
929 2400 950 2437 ;
977 2398 1074 2428 non
1101 2383 1187 2428 erit
1212 2381 1328 2428 mihi

292 2462 512 2531 populus
530 2500 544 2523 ‚
563 2480 662 2511 non
684 2464 771 2510 erit
794 2464 839 2511 ei
864 2462 942 2511 vel.
967 2463 1072 2528 ejus
1090 2461 1324 2529 populus,

301 2546 541 2606 Deut.1v‚
570 2560 668 2606 203
695 2561 792 2604 vn,
824 2542 891 2607 63
934 2561 1044 2607 xiv,
1075 2561 1139 2608 23
1183 2562 1324 2607 xxix,

308 2629 368 2678 13
392 2649 406 2688 ;
430 2645 537 2677 xxvi
557 2665 570 2689 ,
611 2625 911 2691 1831xv111‚
937 2643 1004 2695 93
1042 2626 1129 2687 Ex.
1152 2644 1230 2687 γι,
1262 2643 1325 2695 73

299 2709 415 2759 Lev.
469 2725 605 2769 xxvi,
650 2725 748 2770 123
795 2727 812 2756 1
845 2709 962 2774 Reg.
1007 2726 1110 2771 xn,
1147 2725 1253 2773 223
1290 2726 1327 2757 11

298 2791 419 2858 Reg.
448 2808 545 2854 vn,
594 2791 697 2852 233
728 2808 777 2839 ιν
809 2790 924 2854 Reg.
970 2808 1015 2838 xi
1037 2828 1051 2851 ,
1102 2806 1159 2856 17
1186 2827 1200 2850 ,
1233 2800 1325 2841 etc.

300 2874 449 2941 Igitur
483 2882 589 2939 post
618 2889 632 2921 ε
665 2871 781 2920 Non
810 2874 903 2920 erit
936 2873 1013 2932 ei,
1043 2872 1117 2920 vel
1150 2870 1290 2920 illius
1310 2911 1324 2931 ,

298 2955 619 3023 supplendum
639 2964 707 3004 est
738 2953 973 3021 populus,
996 2963 1051 3002 ut
1081 2954 1195 3002 olim
1226 2957 1323 3021 jam

297 3038 498 3105 Vulgata
526 3039 663 3087 vertit
697 3054 711 3085 ε
750 3024 826 3084 Et
851 3053 950 3085 non
975 3037 1069 3084 erit
1095 3037 1202 3102 ejus
1230 3053 1324 3102 po-

292 3120 476 3188 pulus,
508 3124 571 3169 ita
593 3129 647 3168 ut
676 3137 836 3168 sensus
866 3121 925 3168 sit
957 3136 972 3166 ε
1001 3121 1100 3186 jam
1123 3120 1323 3184 populus

299 3221 398 3252 non
424 3204 515 3256 ,erit
540 3218 669 3252 sacer
699 3204 774 3262 ei,
805 3203 888 3268 qui
929 3201 1096 3257 urbem
1129 3211 1174 3251 et
1202 3212 1322 3250 tem-

299 3286 432 3351 plum
452 3294 663 3346 >evertet3
694 3302 803 3340 cum
826 3302 880 3334 ex
907 3301 1022 3333 nece
1039 3283 1169 3339 illata
1192 3283 1321 3341 Mes-

298 3370 374 3424 siae
405 3377 550 3424 cesset
573 3366 1014 3423 Israffleotnstituere
1041 3370 1141 3434 eius
1170 3367 1320 3418 haere-

298 3452 504 3507 ditatem.
527 3450 650 3502 Huic
667 3461 823 3506 autem
836 3452 1089 3504 ,cessationi
1121 3450 1320 3508 dominii

294 3537 398 3601 ,ejus
427 3552 567 3601 super
598 3533 825 3606 populum
864 3533 1079 3596 foederis,
1115 3534 1320 3590 nectitur

299 3616 477 3681 optime
512 3615 768 3673 destruetio
807 3614 943 3666 »urbis
982 3627 1027 3666 et
1068 3616 1319 3672 sanctuarii

299 3716 382 3764 per
420 3699 649 3765 populum
680 3700 902 3765 principis
953 3700 1195 3757 venientis.
1242 3697 1315 3746 Ex

1416 1988 1518 2020 non
1564 1980 1632 2020 est
1650 2009 1664 2032 ‚
1715 1973 1797 2021 sed
1835 1989 1935 2023 uon
1982 1982 2052 2021 est
2092 1971 2444 2029 tantummodo.

1412 2053 1624 2120 Reliquae
1658 2057 1996 2120 expositiones,
2025 2071 2194 2119 nempe
2212 2053 2430 2119 (iniisset,

1411 2135 1722 2201 L’Empereur
1742 2174 1755 2196 ,
1794 2135 1944 2200 Saek,
1975 2147 2068 2186 etc.
2104 2137 2250 2200 magis
2281 2135 2437 2184 adhuc

1411 2219 1624 2267 absurdae
1667 2228 1779 2268 sunt
1818 2229 1864 2267 et
1901 2221 2038 2285 gratis
2069 2217 2293 2268 confictae.
2330 2215 2436 2265 Cfr.

1411 2299 1785 2367 Hengstenberg.
1804 2311 1917 2349 tom.
1935 2316 1974 2348 11
1991 2337 2005 2361 ,
2034 2319 2141 2366 pag.
2169 2298 2273 2366 474
2290 2336 2304 2360 ,
2334 2298 2434 2348 vid.

1410 2386 1550 2433 etiam
1573 2382 1726 2443 Jahn,
1762 2383 1855 2432 loc.
1885 2385 1964 2431 cit.
1995 2400 2103 2448 pag.
2141 2379 2236 2447 149
2265 2390 2311 2429 et
2333 2398 2431 2447 seq.

1462 2464 1552 2532 (2)
1590 2465 1730 2513 Hunc
1745 2464 1903 2514 locum
1920 2464 1977 2514 de
1993 2464 2162 2512 Messia
2180 2500 2193 2523 ,
2222 2464 2303 2528 qui
2326 2464 2431 2509 vin-

1408 2547 1581 2598 dictam
1612 2558 1729 2597 esset
1761 2557 2032 2612 sumpturus
2066 2545 2124 2593 de
2152 2542 2324 2609 populo
2362 2545 2430 2592 is—

1407 2627 1643 2690 raelitico,
1664 2639 1838 2677 veteres
1858 2645 2046 2695 quoque
2077 2626 2259 2675 Hebraei
2288 2626 2430 2675 intel-

1410 2710 1634 2762 lexerunt.
1663 2709 1740 2763 Sic
1766 2712 1893 2763 enim
1918 2709 2043 2775 apud
2076 2707 2294 2770 Martini,
2315 2726 2425 2773 pag.

1410 2792 1509 2858 343
1526 2831 1540 2857 ‚
1567 2793 1680 2843 edit.
1704 2795 1784 2842 eit.
1802 2795 1853 2841 in
1871 2792 1955 2841 lib.
1975 2790 2259 2841 Sanhedrin
2277 2827 2291 2850 ‚
2318 2807 2425 2855 cap.

1407 2875 1462 2925 E
1461 2875 1586 2924 chad
1602 2914 1615 2936 ,
1633 2875 1800 2942 legitur
1818 2891 1833 2923 :
1857 2874 2111 2923 Dioeerunt
2128 2872 2255 2934 (RR.
2274 2872 2302 2921 J
2306 2865 2424 2930 ehu-

1406 2958 1498 3009 dah
1529 2968 1576 3007 et
1599 2958 1821 3007 Ezechiaz
1837 2995 1850 3019 ‚
1883 2957 1969 3009 filii
1993 2955 2054 3005 R.
2093 2955 2242 3016 Chia)
2267 2972 2282 3003 ε
2307 2953 2425 3003 Non

1405 3041 1563 3089 veniet
1590 3039 1727 3105 filius
1760 3036 1951 3100 David,
1984 3037 2132 3086 donec
2175 3035 2428 3086 deleantur

1404 3121 1515 3172 duoe
1557 3122 1726 3170 domus
1760 3129 1965 3188 patrum
2006 3117 2196 3180 Israel,
2237 3126 2283 3165 et
2315 3119 2424 3165 istae

1402 3213 1518 3252 sunt
1546 3212 1695 3271 caput
1723 3202 2023 3270 captivitatis
2051 3199 2323 3265 Babylonis
2345 3236 2358 3260 ‚
2383 3206 2429 3246 et

1393 3287 1629 3353 princeps
1647 3323 1662 3346 ‚
1695 3287 1783 3351 qui
1804 3292 1874 3332 est
1899 3285 1955 3331 in
1983 3291 2111 3331 terra
2134 3280 2330 3344 Israel,
2356 3281 2428 3338 si-

1400 3376 1483 3416 cut
1513 3367 1696 3416 dictum
1724 3375 1824 3426 est,
1855 3365 1929 3414 Is.
1961 3380 2043 3413 vm
2082 3381 2097 3412 ε
2131 3363 2205 3412 Et
2232 3365 2328 3412 erit
2361 3361 2429 3412 ad

1399 3450 1829 3515 sanctificationem
1860 3455 1906 3496 et
1932 3446 1998 3495 ad
2033 3444 2245 3512 lapidem
2270 3446 2421 3512 offen-

1400 3533 1554 3580 sionis
1571 3569 1584 3592 ‚
1601 3540 1646 3580 et
1657 3530 1724 3579 ad
1726 3538 1918 3597 petram
1933 3528 2035 3592 (vel
2055 3528 2250 3594 rupem)
2265 3527 2427 3576 ruinoe

1401 3613 1591 3665 duabus
1630 3612 1850 3662 domibus
1889 3610 2078 3671 Israel,
2119 3621 2210 3660 etc.
2253 3608 2428 3658 Glossa

1396 3696 1457 3744 R.
1479 3695 1739 3745 Salomonis
1771 3712 1784 3743 ε
1812 3692 1886 3742 Et
1909 3694 2000 3741 erit
2015 3691 2239 3742 Salvator
2261 3687 2427 3740 Israel
