2534 4088
340 160 416 218 48

340 335 516 383 tuum
530 364 552 392 ,
583 331 637 380 et
651 341 834 400 super
851 320 1061 378 urbem
1078 332 1355 382 sanctam

342 431 514 478 tuam
535 463 550 490 ,
600 427 669 475 ut
710 424 1159 475 consummetur
1191 439 1354 497 proe-

338 516 651 585 varicatio‚
679 521 731 568 et
739 511 923 588 finem
939 516 1207 591 accipiat
1206 534 1342 592 pec-

338 620 543 668 catum
562 652 577 681 a
622 616 676 663 et
708 606 977 665 deleatur
1009 611 1308 693 iniquitas
1331 654 1348 684 ‚
1397 626 1400 628 ’

339 716 395 764 et
436 703 779 762 adducatur
809 706 1066 780 justitia
1127 709 1353 784 sempi-

339 811 516 858 terna
548 843 564 872 ,
621 808 677 861 et
721 798 1055 878 impleatur
1097 802 1247 858 visio
1298 812 1356 860 et

326 894 649 975 prophetia
666 936 688 966 ,
728 904 784 952 et
812 905 1089 975 uuyatur
1109 896 1350 956 Sanctus

338 992 688 1050 Sanctorum

417 1085 519 1144 25.
568 1086 725 1144 Scito
791 1106 925 1167 erqo
972 1098 1026 1144 et
1067 1090 1350 1148 animad-

335 1192 492 1241 verte
524 1203 537 1239 :
582 1182 662 1239 ab
695 1185 862 1240 exitu
903 1188 1195 1242 sermonis
1220 1228 1244 1255 ,
1281 1195 1353 1243 ut

331 1283 562 1347 ‚iterum
595 1277 921 1355 aedificetur
955 1278 1298 1338 Jerusalem
1324 1324 1346 1352 ,

337 1395 520 1453 usque
533 1373 618 1430 ad
632 1373 932 1432 Christum
950 1374 1185 1449 ducem,
1218 1375 1349 1433 heb-

340 1470 618 1529 domades
641 1479 858 1549 septem
879 1513 900 1540 ,
935 1481 990 1528 et
1025 1471 1348 1531 hebdoma-

338 1567 436 1624 des
473 1569 784 1646 seoeayinta
825 1566 964 1624 duce
1008 1578 1191 1625 crunt
1219 1591 1241 1634 ,·
1294 1580 1350 1628 et

1011 181 1183 218 TRACT
1192 205 1204 218 .
1254 184 1322 220 ΒΕ
1365 182 1795 225 ΙΝΟΑΒΝΑΤΙΟΠΕ.

1435 994 1876 1055 sanctissimum
1905 994 2016 1077 (1)

338 1683 591 1722 rursum
623 1662 1030 1740 aedificabitur
1054 1665 1262 1742 platea
1297 1675 1354 1723 et
1440 1674 1443 1679 '

339 1763 514 1817 muri
547 1762 616 1816 in
661 1763 947 1838 angustia
988 1770 1344 1839 temporum.

419 1854 521 1911 26.
581 1850 671 1913 Et
749 1864 888 1932 post
961 1854 1350 1914 hebdomades

338 1951 651 2029 sexaginta
664 1949 821 2007 duas
843 1948 1134 2008 occidetur
1150 1949 1349 2009 Chris-

338 2055 433 2103 tus
461 2069 487 2117 ,·
525 2054 581 2102 et
604 2065 725 2102 nou
762 2049 879 2102 erit
906 2048 1027 2122 ejus
1050 2044 1306 2126 populus
1329 2091 1344 2121 ,

342 2139 444 2221 qui
471 2160 606 2198 eum
630 2150 944 2218 negaturus
974 2151 1081 2198 est.
1115 2141 1186 2198 Et
1212 2140 1347 2201 civi—

340 2246 525 2294 tatem
548 2245 607 2293 et
634 2235 1025 2294 sanctuarium
1046 2235 1350 2318 dissipabit

340 2329 591 2413 populus
615 2350 748 2389 cum
771 2329 917 2390 duce
955 2342 1243 2406 ventui-03
1292 2343 1352 2392 et

342 2426 479 2486 finis
502 2429 622 2504 ejus
653 2425 891 2486 vastitas
917 2435 975 2484 et
1010 2438 1142 2508 post
1171 2428 1351 2487 finem

345 2520 490 2582 belli
527 2531 747 2580 statuta
773 2519 1052 2580 desolatio

343 2739 591 2807 Hexaplis
603 2750 785 2788 vertunt
813 2758 827 2789 ε
848 2739 1140 2808 Ἐκςίθησ-ιιν,
1159 2742 1354 2792 decretoe

345 2831 491 2882 eunt;
522 2822 632 2882 alii,
671 2833 723 2870 ut
753 2822 1101 2890 Hengstenberg
1119 2863 1132 2886 ‚
1163 2837 1356 2875 conten-

346 2906 465 2955 dunt
521 2904 902 2970 significationem
951 2906 1115 2990 ἾΠΠ.
1176 2912 1358 2974 proprie

1013 2979 1083 3000 --r

347 3053 444 3086 esse
460 3051 670 3084 resecare
683 3072 699 3097 ‚
724 3053 782 3085 ex
801 3036 1035 3086 chaldaico
1052 3048 1098 3087 et
1115 3038 1356 3089 rabbinico

347 3117 509 3202 ἾΠΠ.
542 3117 715 3166 Verum
751 3121 804 3166 in
835 3118 961 3167 idem
998 3120 1093 3169 fere
1132 3123 1359 3188 ejusmodi

404 3192 430 3199 ““
446 3192 473 3211 Τ

349 3249 703 3313 significationes
748 3250 991 3311 recidunt,
1033 3262 1077 3300 et
1117 3263 1362 3320 utramque

350 3332 563 3396 exprimit
592 3332 769 3397 vulgata
798 3350 879 3397 per
908 3332 1191 3383 abbreviatae
1231 3344 1359 3383 sunt.

350 3412 523 3479 Scopus
540 3416 665 3464 enim
683 3413 846 3479 Angeli
875 3426 975 3477 est,
1011 3420 1229 3482 temporis
1266 3429 1358 3467 ter-

349 3499 533 3545 minum
548 3507 703 3545 exacte
738 3496 1069 3547 limitare.Cfr.
1101 3499 1358 3567 Hengsten-

348 3577 477 3644 berg,
526 3597 604 3644 op.
641 3581 715 3627 cit.
755 3588 871 3627 tom.
901 3597 965 3639 ιι,
1000 3590 1119 3646 part.
1158 3599 1174 3629 1
1217 3593 1262 3631 ct
1298 3599 1356 3642 2,

348 3658 571 3726 pag-‘413
606 3670 653 3711 et
679 3678 777 3727 seq.
807 3661 1007 3712 Berolini
1046 3663 1188 3715 1832.

1433 1948 1818 2030 extirpabitur
1837 1995 1853 2026 7
1893 1951 2191 2013 excidetur
2218 1953 2438 2012 Unctus

1431 2045 1583 2125 (seu
1618 2045 1888 2107 Christus
1915 2047 1942 2128 )
1960 2091 1980 2119 ,
2007 2058 2066 2107 et
2099 2070 2219 2106 non
2247 2048 2299 2107 ei
2330 2047 2438 2128 (2).

1429 2140 1651 2201 Urbem
1675 2153 1735 2201 et
1758 2143 2151 2202 sanctuarium
2179 2142 2441 2203 destruet

1432 2236 1682 2319 populus
1725 2238 2003 2319 principis
2050 2239 2287 2299 venturi
2312 2283 2328 2313 .,
2385 2249 2451 2298 et

1433 2333 1669 2392 finietur
1686 2333 1746 2390 in
1762 2333 2168 2407 inundatione,
2186 2344 2245 2393 et
2263 2354 2445 2415 usque

1435 2427 1510 2487 ad
1534 2429 1715 2487 finem
1746 2439 1833 2487 est
1860 2428 2085 2489 bellum
2103 2475 2119 2504 ,
2147 2428 2445 2488 decretum

1435 2523 1743 2583 ruinarum
1770 2521 1888 2604 (3).

1506 2741 1705 2807 (1)Vel‚
1746 2752 1798 2790 ut
1832 2742 1930 2790 aliis
1974 2743 2148 2806 placet,
2201 2741 2450 2794 Sanctitas

1437 2823 1758 2874 sanctitatum
1783 2859 1798 2887 ,
1842 2815 2080 2919 Duff?-
2109 2813 2254 2910 ωξψ

1508 2941 1574 3006 (2)
1611 2940 1774 3024 ,ΤΥ-Ὁ]
1793 2978 1807 3003 ,
1827 2943 2016 2990 excisus
2025 2914 2128 3008 fuit
2138 2979 2156 3006 ‚
2178 2915 2351 3011 absque
2366 2945 2451 2994 ad-

1441 3060 1713 3117 ditamento,
1739 3059 1911 3108 indicat
1939 3062 2038 3109 sine
2067 3060 2162 3108 ulla
2187 3063 2453 3126 exceptione

1443 3144 1602 3190 mortis
1615 3141 1824 3190 violentae
1840 3144 2011 3206 genus,
2033 3151 2086 3189 ut
2101 3141 2241 3190 Zach.
2267 3159 2350 3190 xm
2364 3180 2377 3202 ‚
2397 3141 2430 3191 8
2444 3180 2458 3203 ,

1443 3224 1526 3273 ubi
1555 3226 1801 3290 opponitur
1827 3231 1890 3289 τᾷ
1916 3224 2020 3317 yH
2037 3244 2053 3290 3
2099 3226 2224 3289 prius
2252 3242 2335 3289 per
2356 3224 2452 3289 gla-

1446 3341 1575 3389 dium
1595 3378 1607 3400 ‚
1640 3343 1864 3404 posterius
1897 3358 1977 3406 per
2008 3341 2178 3390 famem
2210 3354 2254 3392 et
2280 3354 2454 3408 pestem

1441 3422 1599 3470 inferri
1629 3423 1883 3488 perniciem
1902 3423 2107 3472 denotat.
2140 3423 2239 3474 Cfr.
2259 3443 2314 3474 111
2337 3426 2451 3492 Reg.

1442 3506 1486 3553 ix
1506 3542 1519 3565 ‚
1555 3501 1608 3553 6.
1640 3503 1709 3553 De
1739 3506 1893 3570 impiis
1924 3505 2001 3554 Ps.
2033 3523 2171 3556 xxxvt
2191 3546 2204 3569 ‚
2227 3524 2289 3575 93
2314 3509 2450 3558 Prov.

1444 3604 1475 3634 n
1493 3624 1505 3646 ‚
1551 3602 1635 3637 22.

1515 3666 1578 3732 (3)
1604 3667 1703 3718 Cfr.
1722 3668 2005 3735 Hengstenb.
2019 3708 2032 3730 ,
2047 3672 2119 3720 loc
2137 3675 2215 3722 cit.
2234 3669 2332 3737 473
2348 3674 2454 3721 etin
