2534 4088
292 164 416 224 232
965 181 1161 219 Tascr.
1207 181 1276 217 nn
1320 180 1765 222 chRNA'rioNE.

297 331 519 391 tionem
551 330 630 387 ita
660 325 855 386 amisit
875 369 891 398 7
920 335 989 382 ut
1015 322 1473 407 Dominipotius
1495 327 1675 408 quam
1701 329 1856 390 servi
1887 323 2097 389 natura
2120 330 2196 390 sit
2225 334 2422 416 appel-

292 425 465 486 landa
482 470 498 498 7
530 433 706 505 prout
722 419 1008 480 Dominus
1026 465 1042 495 7
1069 422 1224 479 Deus
1250 418 1317 479 ac
1344 420 1451 480 Dei
1470 421 1646 481 Filius
1680 422 1945 503 Christus
1966 436 2032 484 ut
2056 425 2233 486 homo
2257 428 2320 487 in
2344 431 2419 489 N.

295 525 354 582 F.
380 531 717 581 constanter
746 516 1078 600 appellatur
1107 528 1166 576 et
1190 517 1253 576 in
1285 516 1422 576 fidei
1452 529 1668 579 nostrae
1697 520 1974 601 symbolis
2006 523 2116 605 (l).
2144 523 2424 584 Ubicum—

296 641 409 702 que
442 618 618 698 igitur
653 627 757 675 aut
791 614 979 677 divini
1017 614 1288 673 nonnulli
1328 614 1671 697 Scriptores
1701 629 1803 676 aut
1833 620 2033 678 Patres
2074 619 2147 679 de
2191 619 2424 680 Christo

291 717 598 797 loquentes
620 712 875 772 formam
898 711 1052 772 servi
1079 722 1580 786 commemorant7
1602 723 1702 770 aut
1725 733 1861 771 eum
1885 736 2124 776 servum
2149 715 2425 797 simplici·

291 825 382 871 ter
404 809 708 892 appellant
727 855 743 884 7
762 807 927 868 facile
957 807 1306 888 intelligitur
1331 830 1427 867 eos
1453 806 1548 869 vel
1573 818 1849 867 naturam
1864 809 2077 870 Christi
2104 811 2429 872 humanam

292 909 356 967 in
394 929 455 967 se
494 909 619 988 ipsa
663 928 767 966 seu
805 905 1129 966 secundum
1173 905 1487 964 essentiam
1530 904 1960 981 considerasse7
1998 928 2125 989 quae
2161 908 2429 969 debitum

294 1003 550 1065 involvit
576 1001 859 1062 naturalis
882 1002 1178 1065 servitutis
1200 1047 1214 1076 7
1241 1012 1300 1060 et
1316 1013 1530 1060 natura
1555 1002 1710 1062 servi
1733 1024 1857 1062 esse
1882 1013 2114 1085 poterat
2136 1049 2151 1078 7
2177 1004 2271 1068 vel
2287 1026 2428 1065 con-

292 1100 574 1161 siderasse
606 1098 1003 1161 voluntariam
1028 1097 1242 1157 Christi
1271 1095 1696 1176 subjectionem
1722 1110 1782 1158 et
1814 1097 2212 1159 obedientiam
2230 1146 2246 1176 7
2285 1104 2431 1179 ejus-

293 1219 408 1279 que
456 1196 916 1257 exinanitionem
947 1241 963 1269 7
1006 1192 1415 1275 humilemque
1454 1205 1676 1253 statum
1705 1241 1720 1268 7
1754 1207 1931 1278 atque
1971 1196 2246 1257 servilem
2274 1219 2431 1257 mor-

292 1306 415 1353 tem
429 1337 450 1365 ,
482 1315 661 1375 quam
690 1314 795 1372 pro
826 1289 995 1350 nobis
1018 1291 1142 1371 ipse
1169 1288 1372 1351 volens
1404 1290 1657 1371 suscepit
1679 1301 1855 1373 atque
1881 1293 2157 1351 sustinuit
2173 1293 2286 1373 (2).

378 1390 519 1448 421.
568 1388 659 1448 Ad
694 1387 801 1461 ΒΨ,
846 1389 1003 1447 Dz'sc.
1043 1385 1157 1444 Sed
1192 1384 1422 1446 diversa
1459 1383 1639 1467 plane
1675 1387 1903 1446 ratione
1938 1433 1954 1462 7
1995 1410 2183 1467 eonc.;
2227 1388 2434 1449 eadem

291 1487 549 1560 ratione7
577 1507 706 1565 neq.
738 1483 972 1544 Etenim
1007 1504 1231 1542 nomen
1274 1482 1427 1543 servi
1459 1493 1656 1564 potest
1690 1492 2024 1563 'congruere
2061 1485 2294 1544 Christo
2321 1485 2433 1544 du-

294 1582 428 1664 plici
456 1581 559 1641 illo
582 1602 755 1642 sensu
791 1601 984 1661 nuper
1014 1579 1281 1661 exposito
1303 1623 1319 1653 7
1362 1600 1581 1660 nempe
1623 1578 1718 1641 vel
1757 1580 1982 1640 ratione
2012 1580 2288 1642 humanae
2324 1604 2433 1641 na—

291 1690 438 1739 turae
461 1679 522 1737 in
547 1700 608 1738 se
631 1688 906 1761 spectatae
929 1723 945 1752 7
971 1698 1074 1736 seu
1104 1674 1431 1736 secundum
1455 1675 1770 1735 essentiam
1790 1721 1805 1751 7
1832 1687 2011 1758 prout
2038 1679 2254 1737 mentis
2291 1700 2433 1761 ope-

292 1776 519 1835 ratione
555 1774 882 1857 concipitur
901 1773 1179 1832 distincta
1204 1795 1236 1832 a
1260 1793 1513 1854 persona
1543 1770 1721 1831 Verbi
1743 1783 1919 1855 atque
1948 1772 2012 1831 in
2033 1784 2175 1833 actu
2186 1769 2398 1854 primo
2409 1818 2433 1848 ,

297 1883 365 1931 ut
385 1872 713 1954 loquuntur
743 1870 957 1931 scholae
975 1916 991 1945 7
1017 1870 1247 1929 ratione
1270 1868 1617 1930 voluntariae
1634 1868 2028 1947 subjectionis
2059 1871 2272 1929 Contra
2294 1892 2434 1930 vero

289 1990 510 2028 nomen
541 1967 644 2027 filii
672 1967 789 2027 tale
813 1978 902 2027 est
928 1966 1247 2026 relativum
1273 2010 1288 2039 7
1319 1976 1388 2023 ut
1418 1965 1656 2023 nonnisi
1683 1986 1999 2046 personam
2027 1965 2240 2024 afficiat
2259 2011 2275 2041 7
2301 1988 2432 2048 quae

293 2077 383 2125 est
423 2065 712 2123 terminus
765 2062 1156 2143 generationis
1206 2072 1264 2119 et
1303 2060 1597 2119 filiationis
1641 2060 1990 2139 subJectum.
2059 2063 2333 2121 Ceterum
2370 2062 2434 2120 in

293 2171 565 2221 concreto
608 2159 840 2218 Christo
876 2162 997 2218 Deo
1038 2157 1267 2216 homini
1313 2177 1505 2238 neque
1541 2155 1804 2239 adoptivi
1850 2156 1953 2215 filii
1986 2203 2001 2231 7
2043 2179 2238 2240 neque
2277 2158 2431 2219 servi

291 2255 610 2339 appellatio
647 2255 768 2314 ullo
793 2253 970 2314 modo
997 2264 1330 2336 competere
1373 2263 1609 2334 potest3
1646 2253 1782 2335 quia
1818 2264 1937 2312 tam
1978 2252 2217 2335 adoptio
2249 2276 2426 2336 quam

290 2365 476 2414 status
498 2352 598 2412 ille
625 2351 850 2414 servilis
876 2372 1011 2410 cum
1041 2350 1143 2410 filii
1167 2348 1527 2431 proprietate
1563 2370 1629 2408 ac
1656 2348 1912 2409 naturali
1950 2350 2284 2412 conditione
2319 2373 2424 2434 pu-

294 2460 514 2531 gnant7
548 2469 656 2509 nec
688 2448 750 2506 in
785 2447 1055 2508 eamdem
1086 2467 1402 2530 personam
1436 2444 1671 2506 cadunt.

1089 2628 1478 2685 ARTICULUS
1540 2631 1637 2682 III.

294 2754 384 2812 De
423 2751 803 2810 distinctione
840 2751 1115 2809 duarum
1157 2759 1538 2808 nat-ararum
1580 2752 1650 2805 in
1699 2747 1927 2805 Christo
1959 2756 2100 2826 post
2139 2750 2427 2805 unionem

1133 2832 1586 2926 hypostaticam.

379 3010 522 3072 422.
565 3009 750 3085 Odio7
781 3021 847 3069 ut
883 3011 1103 3081 fertur7
1137 3009 1499 3070 Nestorianae
1528 3009 1849 3083 haereseos7
1887 3008 1980 3066 cui
2008 3005 2421 3086 extinguendas

300 3107 589 3188 optimam
625 3117 945 3168 navaverat
982 3127 1223 3187 operam
1262 3106 1548 3187 Eutyches
1578 3152 1593 3180 7
1635 3103 1939 3187 presbyter
1988 3113 2047 3163 et
2096 3101 2427 3161 archiman-

365 3298 435 3364 (1)
471 3298 571 3347 cfr.
601 3298 763 3349 Petav.
794 3300 915 3349 ibid.
947 3317 1052 3365 cap.
1081 3298 1114 3348 8
1145 3308 1190 3348 et
1215 3315 1267 3363 9.
1403 3314 1498 3346 usa
1537 3306 1581 3345 et
1618 3297 1912 3363 proprietate
1957 3295 2176 3342 nominis
2211 3293 2276 3342 ad
2313 3310 2429 3358 per-

363 3381 431 3445 (2)
469 3381 565 3430 Csr.
586 3380 741 3431 Petav.
758 3382 822 3431 ib.
841 3400 944 3448 cap.
963 3398 997 3449 9
1014 3418 1027 3441 7
1052 3380 1079 3448 S
1103 3398 1160 3429 12
1181 3418 1194 3441 7
1219 3391 1320 3429 tum
1405 3396 1575 3428 sonam
1602 3379 1809 3444 refertur
1827 3416 1841 3439 7
1866 3378 1994 3425 etad
2021 3389 2176 3426 actum
2206 3375 2335 3424 velut
2356 3394 2429 3425 se-

296 3461 321 3529 §
360 3480 415 3528 ¹7
435 3500 448 3524 ‚
478 3465 561 3513 ubi
591 3464 827 3514 concludit
852 3483 864 3513 ε
887 3463 953 3514 Si
966 3466 1169 3532 proprie
1194 3463 1327 3528 loqui
1408 3462 1651 3525 cundum;
1678 3478 1817 3526 quem
1856 3462 1914 3507 in
1962 3459 2153 3508 Christo
2187 3467 2424 3518 removet,

295 3545 539 3607 volumus,
559 3564 711 3613 neque
731 3545 956 3596 Christus
974 3586 987 3609 7
1008 3565 1158 3613 neque
1182 3546 1318 3594 homo
1402 3544 1703 3610 excluditque
1730 3560 1939 3610 persona
1978 3542 2137 3591 Verbi
2168 3543 2226 3590 in
2255 3549 2427 3590 creatoe

294 3628 556 3677 subsistens
597 3631 655 3677 in
681 3629 819 3691 Dee,
864 3646 1028 3678 servus
1065 3630 1322 3679 nominari
1402 3645 1460 3677 ac
1483 3643 1646 3676 revera
1675 3643 1823 3676 servoe
1853 3628 2005 3675 vicem
2041 3625 2285 3690 locumque
2319 3638 2428 3671 suc-

296 3709 456 3773 debon
496 3714 728 3777 quoniam
779 3714 894 3761 servi
931 3711 1213 3762 vocabalum
1262 3727 1320 3759 ex
1403 3710 1588 3760 cedens.
