2534 4088
349 266 507 301 mar.
554 263 594 300 1.
642 264 764 301 car.
806 262 867 299 11.
917 263 984 298 m:
1027 262 1182 298 Broc.
1233 263 1297 298 ΕΤ
1324 262 1495 298 omo.
1533 261 1696 298 raom.
1721 260 1948 298 massus.
2123 241 2199 300 39

116 403 188 463 de
203 405 238 462 J
243 402 358 461 uda
376 446 393 477 7
424 401 627 483 cuique
655 421 856 461 omnes
883 412 1083 480 gentes
1112 410 1434 482 paruerunt
1452 445 1469 478 7
1497 400 1569 461 de
1594 422 1708 482 quo
1730 400 1942 461 dicitur
1954 445 1974 474 7
2001 403 2203 464 Ezech.

110 499 242 562 XXI
270 542 286 573 7
307 495 383 556 27
421 518 434 554 :
458 498 667 555 Donec
709 499 977 555 veniatis
995 541 1012 571 7
1042 497 1504 575 cuijudioium3
1532 516 1712 577 quare
1744 494 1830 554 illi
1860 518 1894 556 a
1920 497 2207 579 propheta

111 613 232 650 non
266 589 503 649 obscure
531 588 854 668 jacobaeum
876 591 1215 651 vaticinium
1240 587 1583 671 applicatur.
1614 591 1683 647 20
1706 591 1904 650 Potest
1926 601 2206 672 praeterea

112 707 225 746 vox
249 685 443 744 Soiloh
477 685 793 765 significare
829 689 1111 764 quietem,
1148 685 1229 745 ita
1260 693 1327 742 ut
1362 681 1577 742 oraculi
1605 683 1783 744 verba
1805 685 1885 744 sic
1909 685 2077 746 reddi
2107 686 2210 746 de-

111 777 288 839 beant
311 802 324 837 z
352 779 539 858 Usque
563 781 712 838 dum
740 785 967 838 venerit
986 781 1281 838 Siluntem
1311 821 1328 851 7
1350 781 1517 854 juxta
1552 778 1972 858 expositionem
1996 782 2062 840 R.
2087 781 2215 862 Lip-

111 873 270 932 mani
289 872 377 952 (l)
393 916 414 945 ,
445 894 622 954 quam
645 874 1000 955 argumentis
1030 871 1415 951 grammaticis
1433 915 1450 944 7
1478 870 1765 930 historicis
1792 884 1853 932 et
1875 873 2210 954 dogmaticis

112 970 455 1028 confirmare
482 980 720 1028 conatus
746 980 835 1028 est
861 970 928 1027 G.
966 968 1031 1027 A.
1064 966 1251 1027 Teller
1262 1008 1285 1037 ,
1315 966 1379 1024 in
1409 966 1563 1025 notis
1595 967 1803 1026 criti-cis
1832 977 1892 1026 et
1913 970 2213 1047 exegeticis

117 1065 178 1122 in
201 1063 311 1122 hoc
334 1074 506 1144 caput
520 1062 640 1143 (2);
661 1072 720 1123 et
736 1082 873 1122 sane
896 1060 1120 1142 phrasis
1150 1041 1312 1120 ri‘w
1331 1054 1506 1155 &2217
1537 1072 1593 1120 et
1610 1065 1772 1120 venit
1791 1063 1993 1135 sodali-7
2019 1083 2219 1123 occur-

116 1200 192 1257 rit
228 1202 251 1256 I
293 1201 430 1278 Reg.
457 1197 555 1270 IV7
598 1197 693 1254 12.
729 1198 916 1270 Quare
941 1201 1108 1274 juxta
1151 1196 1340 1257 Teller
1378 1198 1469 1255 his
1515 1194 1703 1257 verbis
1741 1197 1997 1279 respexit
2025 1186 2214 1258 ‘Jacob

117 1304 343 1375 tempus
367 1290 515 1349 illud
534 1333 552 1364 7
582 1311 697 1371 quo
723 1289 974 1372 populus
1013 1292 1493 1373 peregrinaturus
1524 1302 1650 1351 erat
1669 1312 1775 1372 per
1816 1291 2043 1352 deserta
2075 1294 2217 1352 Ara-

116 1385 226 1446 biae
243 1430 259 1460 7
288 1385 348 1444 in
374 1406 487 1466 quo
511 1383 719 1444 itinere
751 1383 932 1444 Judas
955 1385 1018 1443 in
1059 1386 1258 1445 castris
1284 1387 1544 1468 primum
1569 1385 1763 1445 locum
1789 1407 2020 1468 semper
2046 1408 2217 1446 occu-

116 1489 355 1560 paturus
394 1490 544 1538 esset
574 1479 790 1558 (Num.
837 1479 888 1537 11
917 1525 934 1552 7
975 1479 1011 1538 3
1055 1515 1132 1527 --
1175 1480 1254 1562 9)
1283 1525 1299 1555 7
1344 1491 1403 1539 et
1453 1480 1768 1561 praeiturus
1812 1487 2222 1561 antesignanus

115 1573 347 1654 reliquis
372 1571 638 1632 tribubus
669 1573 883 1652 (Num.
915 1575 968 1631 X
997 1619 1012 1646 7
1055 1573 1200 1654 14),
1234 1573 1418 1633 donec
1440 1573 1730 1633 Siluntem
1757 1586 2113 1656 perventum
2136 1598 2219 1636 es-

116 1677 236 1740 set7
273 1666 372 1725 ubi
415 1688 597 1748 quum
621 1677 824 1727 ceterae
856 1665 1043 1732 tribus
1079 1689 1112 1726 a
1152 1668 1305 1726 Juda
1345 1667 1715 1738 discesserint
1740 1715 1755 1744 7
1797 1669 1892 1731 vel
1928 1671 2125 1730 statim
2156 1693 2220 1731 ac

121 1760 424 1821 Rubenitae
455 1772 513 1819 et
542 1759 765 1820 Gaditae
788 1762 1126 1842 occuparint
1149 1772 1319 1821 terrae
1348 1763 1676 1842 portionem
1710 1785 1870 1823 suam
1889 1810 1905 1838 7
1934 1764 2027 1824 vel
2050 1765 2222 1846 paulo

117 1865 248 1936 post
270 1901 285 1929 7
311 1854 454 1914 adeo
478 1865 545 1912 ut
558 1853 739 1914 Judas
763 1854 1157 1935 principatum
1183 1876 1354 1914 suum
1377 1855 1682 1916 relicturus
1713 1870 1881 1918 esset.
1906 1860 2071 1918 Hanc
2097 1861 2218 1941 opi-

118 1950 351 2010 nionem
378 1950 639 2031 sequitur
659 1946 851 2008 Zirkel
893 1947 980 2028 (3)
1017 1970 1088 2008 ex
1117 1948 1320 2008 eadem
1363 1951 1777 2030 significatione
1819 1954 1974 2014 vocis
2001 1956 2182 2013 soilole
2196 1998 2218 2026 ,

120 2065 329 2126 nempe
367 2048 619 2124 quietis7
660 2064 837 2124 quam
878 2041 962 2101 illi
1008 2042 1279 2103 Israelitae
1300 2089 1316 2119 7
1362 2043 1602 2104 devictis
1641 2046 1901 2106 hostibus
1923 2094 1938 2121 7
1980 2051 2221 2108 assecuti

121 2149 275 2196 sunt.
306 2138 500 2198 Placet
523 2138 646 2197 haec
669 2136 872 2198 eadem
899 2139 1179 2217 expositio
1209 2140 1420 2212 sustin,
1444 2140 1616 2199 citata
1645 2141 1824 2201 verba
1855 2142 2171 2202 declaranti
2198 2167 2210 2201 ε

133 2232 320 2310 Usque
361 2234 508 2290 dum
550 2236 752 2290 veniat
788 2237 956 2311 quies
970 2276 991 2303 ,
1035 2243 1095 2290 et
1124 2235 1348 2312 populi
1383 2239 1443 2292 ei
1468 2236 1771 2295 obediant.
1798 2237 1999 2295 Judas
2022 2242 2219 2309 enim,

121 2336 188 2383 ut
210 2326 330 2406 ipse
353 2324 608 2406 loquitur
632 2370 647 2398 7
687 2338 757 2383 ut
796 2332 979 2386 victor
1016 2339 1483 2406 repraesentatur
1503 2375 1519 2403 7
1565 2335 1680 2408 qui
1708 2353 1889 2389 arma
1930 2353 2002 2390 ao
2033 2342 2220 2411 potes-

122 2426 261 2477 tatis
301 2423 536 2498 insz‘yne
579 2420 821 2497 (hasten
860 2421 954 2477 del
976 2423 1309 2501 comancio)
1341 2443 1462 2480 non
1497 2427 1679 2501 prius
1720 2426 1992 2504 deponet,
2034 2447 2220 2504 quam

189 2649 258 2715 (l)
294 2649 352 2697 In
379 2647 499 2698 libro
524 2648 801 2697 Nitzachon
816 2640 873 2697 ab
890 2647 1123 2714 Hac‘kspa-
1210 2648 1452 2699 Siluntem
1472 2689 1486 2710 7
1517 2653 1565 2701 id
1600 2663 1693 2714 est,
1734 2654 1799 2701 ad
1830 2655 2032 2718 quietem
2067 2658 2220 2704 venire

123 2731 201 2780 nio
229 2731 349 2779 edito
370 2768 383 2791 7
412 2748 517 2796 pag.
549 2746 631 2795 27.
1085 2755 1088 2758 ·
1211 2732 1337 2782 licet.
1368 2731 1545 2795 Pater,
1582 2736 1762 2800 inquit,
1795 2734 1915 2783 duce
1946 2735 2083 2783 Juda
2106 2753 2220 2801 pos·

191 2812 258 2876 (2)
287 2811 395 2877 Pag.
449 2811 556 2859 130.
613 2808 758 2876 1766.
804 2828 943 2877 quem
985 2811 1126 2859 secuti
1211 2822 1330 2861 teros
1358 2831 1467 2862 suos
1489 2815 1659 2862 reduci
1681 2814 1747 2862 ad
1779 2814 1878 2864 loca
1907 2816 2006 2864 sibi
2029 2819 2221 2882 suisque

125 2902 232 2940 sunt
254 2891 554 2942 Mendelsobn
568 2930 581 2953 7
607 2892 869 2952 Eichhorn,
896 2890 1098 2939 Ammon
1112 2929 1126 2952 7
1208 2897 1482 2960 familiaria
1496 2930 1513 2955 ,
1531 2896 1722 2945 Bothe!
1736 2934 1749 2956 7
1780 2895 1973 2945 Sichem
1990 2933 2007 2959 7
2036 2907 2188 2946 cetera
2206 2936 2218 2957 7

125 2972 443 3023 Rosenmiiller
468 2976 518 3022 in
551 2972 729 3022 duabus
754 2975 913 3038 primis
939 2973 1127 3021 edition.
1212 2976 1508 3026 vehementer
1536 2977 1800 3039 desiderat,
1837 2985 1921 3039 ut,
1957 2978 2134 3042 quibus
2162 2980 2221 3025 in

126 3053 418 3115 Kella-„Die
447 3054 560 3103 keil.
595 3052 867 3118 Schriften,
900 3064 992 3103 etc.
1035 3070 1116 3103 seu
1211 3057 1327 3107 Iocis
1344 3057 1606 3107 Palestinoe
1623 3058 2217 3124 possidendoepromissio-

127 3132 511 3201 Scrufflaaccrae,
531 3147 692 3202 praeter
705 3136 873 3197 Zirkel7
888 3135 916 3183 J
921 3137 1126 3196 usti7etc.
1179 3142 1182 3144 ’
1213 3156 1324 3188 nem
1359 3147 1669 3206 acceperant,
1711 3142 1769 3187 in
1804 3141 1870 3187 iis
1901 3156 2083 3204 quoque
2115 3142 2219 3206 ejus

127 3215 185 3265 de
213 3217 380 3282 quibus
405 3220 455 3265 in
482 3228 626 3267 textu.
1205 3223 1550 3288 possessionem
1587 3222 1956 3286 auspicarentur
1977 3258 1990 3281 ‚
2026 3218 2222 3269 Silunte

198 3297 262 3361 (3)
316 3297 522 3347 Dissert.
596 3315 738 3364 super
812 3295 1131 3344 benedictione
1215 3305 1360 3368 quasi
1382 3303 1583 3350 termino
1603 3300 1712 3349 belli
1735 3311 1779 3349 et
1799 3301 2014 3349 laborum
2034 3310 2080 3349 et
2094 3318 2219 3365 sym-

132 3372 274 3425 Judoe
293 3413 309 3439 ‚
345 3379 456 3428 Gen.
492 3397 591 3428 xux
610 3415 626 3442 7
658 3377 691 3427 8
726 3378 783 3427 ad
821 3394 877 3426 12
900 3416 914 3438 7
954 3377 1131 3426 Wirce-
1216 3384 1320 3432 bolo
1339 3384 1513 3448 quietis
1530 3384 1786 3430 constituta
1805 3419 1818 3442 7
1844 3390 1889 3429 et
1909 3381 2141 3446 yatadium
2163 3397 2220 3428 ac

130 3453 246 3520 burg
280 3457 422 3523 1786.
457 3459 594 3508 Juxffl
621 3461 747 3507 hune
790 3470 1018 3508 auctOrem
1055 3459 1132 3506 hic
1216 3463 1605 3529 tranquillitatem
1639 3463 1910 3521 exhibente,
1941 3479 2085 3526 quam
2116 3462 2220 3526 ipso

132 3537 218 3583 erit
246 3553 401 3586 sensus
431 3541 674 3589 verborum
707 3540 850 3588 Jacob
886 3556 900 3587 ε
933 3539 1042 3587 Dux
1076 3541 1134 3585 sit
1218 3547 1411 3593 nomine
1421 3545 1696 3610 promittit,
1733 3553 1800 3591 est
1819 3545 1947 3591 enim
1975 3522 2151 3599 rsslssw
2187 3561 2219 3593 a

131 3614 157 3662 J
163 3615 274 3663 udas
306 3634 450 3684 usque
474 3619 535 3668 ad
554 3622 736 3686 plenam
751 3620 1005 3669 Palaestinae
1030 3637 1131 3685 pos·
2116 3614 2124 3623 '

132 3699 377 3746 sessionem
392 3735 405 3758 7
427 3715 572 3765 usque
590 3701 701 3748 dum
719 3701 906 3750 devictis
922 3700 1132 3749 hostibus
1219 3662 1355 3709 verbo
1383 3640 1529 3750 ΠΤΙἎΞ]
1573 3670 1761 3708 cebsam
1778 3697 1791 3720 ’
1821 3666 2012 3723 qumm'
