2534 4088
961 162 1138 199 TRAGT
1147 186 1159 198 .
1209 163 1279 199 DE
1323 165 1758 208 INCARNATIONE.

1090 332 1478 392 ARTICULUS
1498 340 1568 394 II.

1036 492 1124 552 De
1166 492 1655 574 Adoptz'am'smo.

366 699 503 757 399.
553 697 998 758 Nestorianismi
1045 722 1304 782 propago
1344 713 1434 762 est
1470 703 2016 787 Adoptianismus‘,
2064 735 2243 797 quem
2301 738 2414 778 see.

288 796 420 855 VIII
452 791 693 855 labente
730 793 890 855 Felix
921 795 1236 879 Episcopus
1275 798 1672 880 Urgellitanus
1716 814 1777 863 et
1814 803 2132 888 Elipandus
2180 812 2421 875 Archie-

278 892 549 975 piscopus
573 891 887 951 Toletanus
935 891 998 950 in
1036 893 1382 975 Hispaniam
1407 897 1671 978 primum
1701 899 2070 979 intulerunt,
2097 926 2163 965 ac
2190 907 2419 991 disper-

277 988 508 1070 pertitis
546 987 703 1048 inter
728 1009 789 1048 se
818 989 1136 1070 provinciis
1166 989 1340 1072 longe
1375 991 1609 1075 lateque
1651 1017 1976 1078 propagare
2011 999 2176 1060 irrito
2206 1017 2422 1066 conatu

277 1094 638 1165 sategerunt.
686 1084 854 1143 Docti
893 1095 953 1143 et
986 1085 1203 1145 eruditi
1244 1088 1354 1148 viri
1388 1089 1452 1146 in
1500 1089 1734 1166 Galliis,
1786 1092 1949 1153 Italia
1994 1116 2059 1155 ac
2106 1098 2422 1162 Germania

279 1178 640 1240 obstiterunt
683 1182 932 1239 istorum
981 1180 1284 1241 conatibus
1307 1229 1322 1258 .,
1366 1204 1432 1243 ac
1475 1184 1646 1267 plura
1688 1186 1980 1249 celebrata
2019 1192 2277 1254 Concilia
2311 1217 2421 1278 per

283 1297 414 1338 eam
458 1288 696 1337 aetatem
754 1277 995 1336 fuerunt
1043 1278 1106 1336 in
1152 1277 1399 1339 diversis
1445 1277 1585 1341 locis
1613 1327 1629 1357 ‚
1697 1304 1730 1342 a
1788 1284 2003 1366 quibus
2060 1290 2424 1353 unanimiter

291 1394 455 1433 error
477 1372 575 1431 ille
598 1373 962 1455 proscriptus
998 1384 1088 1433 est
1127 1373 1236 1455 (1).

357 1468 497 1527 400.
546 1471 615 1527 In
641 1490 709 1528 eo
742 1478 940 1530 autem
973 1468 1405 1552 Adoptianismi
1449 1473 1805 1554 perversitas
1841 1478 1951 1538 sita
1999 1492 2161 1556 erat⁷
2202 1493 2269 1541 ut
2307 1505 2416 1565 pro

274 1585 524 1624 numero
560 1576 913 1625 naturarum
933 1565 997 1624 in
1028 1565 1261 1626 Christo
1297 1567 1546 1629 totidem
1589 1569 1736 1630 filios
1771 1586 2043 1655 respectu
2086 1578 2193 1636 Dei
2227 1580 2415 1639 Patris

273 1658 708 1742 distinguerent
747 1706 763 1736 ,
807 1660 1061 1722 alterum
1103 1661 1323 1722 scilicet
1367 1668 1716 1726 naturalem
1771 1669 2099 1730 secundum
2139 1683 2417 1734 naturam

270 1757 539 1820 divinam
574 1803 591 1834 ,
639 1757 892 1818 alterum
939 1759 1296 1842 adoptivum
1352 1753 1684 1821 secundum
1740 1775 2016 1827 naturam
2064 1766 2409 1829 humanam.

271 1855 421 1914 Cum
442 1876 584 1917 vero
614 1856 903 1915 terminus
912 1856 1237 1935 filiationis
1257 1902 1272 1932 ‚
1303 1868 1370 1916 ut
1393 1870 1627 1935 vocant,
1649 1861 1724 1919 sit
1753 1883 2003 1942 persona
2030 1908 2046 1938 ,
2068 1863 2212 1923 duas
2240 1886 2415 1948 prop-

269 1963 427 2012 terea
452 1973 733 2035 personas
767 1953 831 2012 in
865 1953 1097 2012 Christo
1124 1973 1259 2012 cum
1300 1955 1564 2013 Nestorio
1605 1954 1680 2014 ab
1723 1956 2067 2039 Adoptianis
2113 1979 2217 2020 seu
2260 1961 2414 2021 Feli-

268 2047 449 2107 cianis
469 2095 485 2123 .,
522 2050 606 2108 ita
652 2048 821 2108 dictis
851 2071 886 2108 a
928 2049 1224 2133 praecipuo
1258 2049 1494 2110 haeresis
1537 2063 1774 2113 auctore
1802 2098 1819 2128 .,
1860 2053 2097 2114 admitti
2138 2054 2412 2118 debuisse

268 2165 632 2247 consequens
661 2157 786 2204 erat
812 2144 920 2228 (2).
951 2147 1143 2219 Quare
1170 2145 1467 2206 Christum
1498 2192 1514 2223 7
1542 2159 1721 2230 prout
1741 2147 1918 2207 homo
1946 2160 2035 2209 est
2064 2195 2081 2226 a
2103 2155 2315 2232 qratia
2350 2165 2412 2214 et

268 2243 584 2321 adoptione
618 2239 806 2300 filium
834 2243 939 2301 Dei
970 2263 1093 2301 esse
1119 2241 1509 2302 autumabant
1528 2289 1544 2318 7
1581 2255 1642 2303 et
1677 2266 1920 2304 servum
1941 2245 2238 2307 dicebant.

265 2451 433 2501 deinde
448 2448 652 2517 publicis
671 2483 687 2510 ‚
706 2458 760 2498 ut
775 2447 1039 2496 Nestorium
1067 2446 1129 2496 ab
1150 2450 1293 2514 impia
1377 2448 1591 2511 Allatius,
1609 2452 1660 2498 in
1680 2448 1739 2497 V
1737 2449 1943 2500 indiciis
1954 2452 2133 2518 synodi
2141 2453 2403 2519 ephesina»,

264 2535 506 2594 doctrina,
543 2536 686 2601 quam
724 2541 1124 2598 praeconceperat‚
1155 2549 1302 2581 reve--

263 2628 409 2667 caret.
456 2617 528 2666 lbi
567 2619 737 2682 pariter
784 2626 1035 2665 occurrunt
1087 2615 1291 2681 epistolae

264 2699 313 2751 S.
332 2698 573 2748 Coelestini
601 2700 735 2764 Papae
754 2736 767 2759 ‚
797 2698 992 2747 Joannis
1008 2697 1288 2748 Antiocheni

262 2783 557 2849 aliorumque
583 2782 642 2830 ad
668 2781 887 2830 eumdem
911 2780 1174 2830 Nestorium
1203 2782 1288 2831 da-

264 2876 338 2916 tae.
358 2865 534 2915 Verum
553 2865 774 2914 adversus
792 2881 1080 2929 anonymum
1099 2867 1287 2930 impug-

263 2959 471 2998 natorem
502 2947 700 3015 cyrilli,
734 2947 817 2995 cfr.
844 2945 1057 2995 Petavius
1083 2947 1171 2995 lib.
1202 2964 1249 2995 vx
1265 2982 1283 3008 ‚

263 3029 336 3079 De
347 3030 609 3081 Incarmu.
630 3048 732 3096 cap.
745 3047 800 3078 111
816 3039 860 3079 et
875 3046 1007 3096 seqq.
1028 3029 1126 3078 Cfr.
1147 3031 1287 3077 etiam

263 3111 488 3162 Histoire
534 3114 603 3162 du
651 3112 1036 3162 Nestorianisme
1052 3147 1067 3172 ‚
1114 3129 1197 3177 par
1244 3112 1287 3160 le

262 3194 318 3245 P.
334 3194 476 3244 Louis
491 3195 692 3256 Doucin‚
711 3195 760 3244 S.
778 3195 825 3244 J.
847 3197 928 3262 qui
944 3196 1118 3260 egregie
1131 3193 1287 3242 defen-

262 3279 328 3327 dit
338 3277 624 3345 S.Cyrillum
638 3289 682 3328 et
695 3277 958 3327 Concilium
973 3277 1282 3343 Ephesinum‚

261 3379 315 3410 ac
346 3362 485 3411 refert
514 3371 728 3427 praeterea
754 3360 1015 3426 Dupinium
1033 3397 1048 3421 ,
1081 3362 1163 3426 qui
1190 3362 1284 3408 ini·

262 3446 399 3509 quior
430 3444 520 3493 fuit
546 3445 597 3492 in
627 3441 681 3493 S.
703 3441 933 3509 Cyrillum
949 3480 964 3504 ‚
985 3446 1036 3492 in
1058 3460 1178 3492 nova
1200 3460 1284 3492 sua

263 3525 554 3577 Bibliotheca
599 3524 703 3575 loco
747 3528 957 3591 superius
1003 3528 1141 3575 citato
1159 3562 1174 3587 ‚
1223 3525 1283 3574 de

260 3610 453 3672 pristina
477 3610 705 3659 sententia
723 3607 997 3657 discessisse.
1016 3608 1103 3658 Pro
1117 3607 1280 3658 eodem

260 3686 432 3739 Sancto⁴
459 3694 747 3758 seripserunt
786 3690 1119 3740 Thomassinus
1132 3728 1148 3752 ‚
1189 3690 1281 3738 Leo

1374 2542 1421 2580 et
1438 2530 1695 2582 Cotelerius
1716 2570 1730 2594 ‚
1754 2543 1869 2582 tom.
1899 2550 1939 2595 1,
1966 2536 2201 2584 Monam.
2234 2535 2395 2584 eccles.

1370 2631 1565 2679 qroecoe.

1442 2695 1507 2760 (l)
1545 2696 1644 2745 cfr.
1671 2697 1971 2746 eruditissimi
1990 2697 2132 2746 Joan.
2165 2698 2399 2749 Francisci

1373 2778 1603 2842 Madrisii,
1617 2779 1752 2828 DeF
1747 2778 1881 2828 elicis
1893 2788 1937 2828 et
1950 2779 2201 2847 Elipcmdi
2213 2782 2395 2832 haeresi

1372 2861 1950 2929 historico·chronoloqica
1979 2864 2251 2914 dissertatio
2283 2901 2301 2928 ‚
2339 2869 2407 2914 in·

1372 2946 1499 2995 calce
1541 2963 1652 3012 opp.
1704 2945 1751 2994 S.
1799 2946 2014 3008 Paulini,
2049 2946 2360 3015 Aquileiensis
2381 2986 2394 3009 ‚

1371 3027 1536 3078 Venet.
1559 3030 1707 3096 1737.

1440 3110 1509 3178 (2)
1528 3110 1800 3160 Notandum
1823 3121 1982 3162 tamen
1994 3121 2082 3175 est,
2103 3111 2392 3178 Adoptianos

1371 3210 1468 3242 non
1485 3193 1696 3242 docuisse
1718 3194 1833 3242 duas
1858 3196 1910 3241 in
1933 3192 2116 3242 Christo
2142 3195 2395 3245 admitten-

1370 3276 1453 3324 das
1484 3293 1581 3326 esse
1609 3291 1859 3342 personas;
1901 3278 2043 3325 nimis
2075 3280 2201 3326 enim
2239 3291 2393 3345 aperte

1370 3360 1513 3408 fidem
1543 3362 1593 3408 in
1619 3361 1916 3408 oecumenicis
1944 3358 2165 3410 Consiliis
2188 3364 2391 3411 anterio-

1368 3441 1499 3490 ribus
1530 3444 1698 3508 saepius
1732 3441 1977 3492 definitam
2009 3446 2388 3510 impugnassent,

1369 3534 1512 3591 atque
1539 3524 1631 3573 hoc
1662 3526 1762 3590 ipso
1791 3541 1840 3574 se
1868 3525 2108 3576 haeretioos
2138 3544 2236 3576 esse
2273 3525 2389 3575 Nes-

1369 3609 1571 3657 torianos
1584 3608 1775 3674 professi
1796 3621 1948 3659 essent
1960 3648 1974 3671 ‚
1996 3611 2123 3678 quod
2141 3612 2228 3676 ipsi
2249 3611 2390 3658 maxi·

1367 3708 1442 3739 me
1483 3690 1747 3755 cavebant3
1791 3703 1995 3745 attamen
2041 3693 2118 3742 hie
2159 3709 2284 3741 error
2330 3707 2384 3739 ex
