2534 4088
341 141 500 177 rAnT.
547 140 612 176 11.
657 135 778 175 car.
825 135 914 171 111.
959 133 1029 171 m:
1072 128 1448 170 arrosumcs
1490 124 1926 168 commemorns.
2057 97 2176 158 233

77 283 227 343 drita
253 276 931 358 Constantinopolitanus
960 319 975 348 7
1019 275 1082 332 in
1109 274 1442 356 oppositum
1471 290 1729 330 errorem
1775 265 2032 346 dilapsus
2062 274 2173 322 est.

74 378 444 437 Occasionem
468 382 670 432 nactus
707 392 779 429 ex
817 390 1127 451 perperam
1163 366 1459 427 intellecta
1497 363 1694 445 Cyrilli
1741 359 2031 421 sententia
2058 403 2075 434 7
2105 357 2179 417 de

75 495 188 553 qua
212 481 411 553 postea
432 474 449 542 7
473 466 679 525 docere
706 465 884 546 coepit
901 510 917 538 7
949 486 1021 524 ex
1048 462 1274 522 duabus
1296 473 1433 521 ante
1455 459 1924 519 Incarnationem
1954 453 2178 513 naturis

73 578 206 648 post
240 561 706 623 Incarnationem
749 561 811 618 in
864 559 1107 618 Christo
1132 581 1313 617 unam
1367 576 1489 615 esse
1543 554 1850 613 effectam(
1884 550 2185 633 Siquidem

75 661 283 730 accitus
339 655 415 716 ad
467 655 769 736 Synodum
825 651 1530 734 Constantinopolitanam
1593 669 1748 706 anno
1798 646 1919 706 448
1973 668 2006 705 a
2053 644 2153 705 Fla
2165 681 2185 689 κ-

74 755 245 814 viano
289 751 573 834 praeside7
619 762 678 809 et
727 749 963 808 adactus
1013 747 1089 807 ad
1127 756 1391 806 mentem
1432 764 1596 801 suam
1635 740 2013 823 aperiendam
2037 741 2185 799 circa

75 848 495 908 accusationem
522 847 584 904 in
623 867 757 905 eum
790 844 1014 906 illatam
1050 841 1123 901 ab
1164 837 1407 899 Eusebio
1431 883 1447 912 7
1483 836 1732 918 Dorylaei
1757 836 2004 897 civitatis
2028 835 2187 917 Epis-

76 965 219 1024 copo
241 988 256 1017 7
282 943 344 1000 in
374 963 503 1001 eam
536 961 740 1001 vocem
769 939 962 1019 erupit
1002 959 1016 994 z
1065 935 1353 1012 Confiteor
1373 954 1444 991 ea*
1468 934 1711 991 duabus
1733 934 1977 988 naturis
1994 933 2187 1008 fuisse

74 1041 412 1099 Dominum
449 1045 723 1095 nostrum
755 1043 893 1092 ante
914 1034 1253 1089 unitionem
1269 1054 1296 1103 ,-
1313 1038 1449 1107 post
1475 1030 1801 1090 unitionem
1833 1045 1964 1083 vero
1993 1044 2189 1082 uitam

76 1144 365 1191 naturam
389 1132 674 1209 confiteor.
712 1129 858 1186 Cum
902 1123 1052 1205 adigi
1103 1146 1226 1183 non
1269 1123 1527 1206 potuerit
1568 1121 1644 1180 ad
1677 1118 1950 1179 stolidam
1977 1129 2037 1177 et
2075 1119 2191 1176 im—

77 1229 235 1308 piam
264 1224 545 1304 ejusmodi
568 1222 814 1282 haeresin
842 1219 1185 1300 ejurandam
1207 1265 1224 1294 7
1249 1219 1536 1278 sententia
1568 1215 1943 1299 depositionis
1965 1215 2030 1273 in
2057 1235 2193 1273 eum

78 1323 194 1381 lata
222 1333 337 1397 est,
372 1343 403 1378 a
435 1340 549 1401 qua
574 1318 787 1377 frustra
830 1316 905 1375 ad
929 1318 1182 1377 Leonem
1224 1317 1308 1375 Μ.
1345 1317 1676 1374 Romanum
1712 1311 2052 1372 Pontificem
2088 1332 2192 1392 ap-

79 1416 339 1498 pellavit.
373 1415 480 1473 Hic
507 1414 664 1473 enim
693 1413 901 1472 certior
931 1412 1114 1471 sactus
1139 1433 1171 1469 a
1208 1410 1484 1471 Flaviano
1526 1409 1601 1468 de
1651 1419 1774 1467 tota
1810 1429 2010 1466 rerum
2042 1406 2190 1465 serie

78 1532 187 1593 per
217 1519 342 1569 acta
381 1508 677 1589 synodalia
715 1508 791 1566 ad
823 1508 1016 1589 ipsum
1044 1508 1381 1565 transmissa
1407 1551 1423 1580 7
1458 1504 1811 1564 sententiam
1853 1501 2059 1583 synodi
2092 1522 2190 1559 ra-

80 1617 203 1665 tam
233 1603 439 1663 habuit
467 1615 526 1663 et
551 1603 937 1663 confirmavit.
971 1605 1247 1663 Attamen
1276 1612 1480 1681 agente
1506 1600 1778 1660 Dioscoro
1802 1599 1865 1657 in
1886 1597 2191 1656 latrocinio

82 1700 372 1783 Ephesino
414 1721 570 1758 anno
619 1698 736 1757 449
783 1697 1079 1758 absolutus
1121 1710 1208 1758 est
1248 1696 1567 1778 Eutyches7
1614 1706 1673 1775 et
1711 1694 2024 1753 damnatus
2065 1691 2197 1750 Fla-

80 1797 287 1859 vianus
324 1806 498 1876 atque
536 1796 598 1852 in
639 1793 876 1853 exilium
911 1794 1155 1875 pulsus3
1192 1815 1400 1855 verum
1430 1792 1525 1851 hic
1567 1814 1600 1850 a
1628 1791 1901 1849 Dioscoro
1933 1785 2196 1848 factionis

84 1890 387 1971 coryphaeo
413 1888 556 1948 adeo
589 1890 842 1969 graviter
868 1910 1172 1971 percussus
1197 1900 1284 1948 est
1307 1934 1322 1962 7
1349 1910 1416 1948 eo
1440 1886 1598 1969 quod
1619 1885 1692 1946 ab
1721 1886 1920 1967 iniqua
1955 1893 2198 1943 senten-

86 1985 164 2042 tia
191 1986 437 2043 Romam
473 1984 856 2066 appellasset,
888 1996 954 2044 ut
989 1983 1183 2043 triduo
1214 1994 1346 2066 post
1364 1985 1428 2041 in
1448 1982 1641 2042 insula
1665 1982 1809 2042 Delo
1840 1992 2030 2040 morte
2055 1999 2199 2062 prae-

90 2087 300 2137 ventus
335 2079 591 2137 animam
628 2082 749 2139 Deo
797 2078 1140 2139 reddiderit.
1195 2083 1421 2139 Interea
1460 2077 1823 2138 Chalcedone
1877 2088 2033 2135 a'nno
2059 2073 2196 2132 ’451

94 2185 286 2232 coacta
313 2174 666 2233 oecumenica
693 2174 958 2254 synodo,
993 2185 1208 2234 asserta
1247 2186 1336 2234 est
1373 2172 1652 2234 catholica
1693 2172 1870 2248 fides7
1911 2169 2198 2252 Eutyches

93 2269 304 2327 iterum
324 2268 616 2348 depositus
641 2280 728 2327 est
746 2291 860 2328 una
886 2290 1020 2327 cum
1046 2270 1314 2328 Dioscoro
1338 2270 1618 2350 Episcopo
1642 2267 2036 2328 Alexandrino
2056 2311 2072 2341 7
2101 2265 2203 2350 qui

92 2362 267 2443 paulo
305 2374 435 2444 post
469 2364 532 2421 in
570 2363 844 2437 exilium7
882 2361 1128 2441 jubente
1165 2364 1454 2422 Marciano
1495 2365 1850 2444 Imperatore
1891 2361 2149 2442 piissimo
2183 2404 2199 2434 7

98 2458 388 2539 deportati
410 2469 549 2516 sunt
574 2458 683 2538 (1).
2166 2449 2170 2454 ’

174 2551 314 2610 423.
359 2553 442 2611 Ex
469 2553 736 2633 Eutychis
777 2554 1131 2614 confessione
1166 2566 1328 2636 patet
1351 2601 1366 2629 7
1404 2555 1579 2614 totius
1618 2553 1987 2635 Eutychianae
2023 2553 2201 2635 perfi-

96 2646 203 2706 diae
233 2658 438 2729 caput,
458 2659 517 2707 et
545 2647 780 2729 quidem
803 2650 1162 2732 praecipuum
1190 2673 1254 2710 ac
1284 2651 1466 2713 veluti
1495 2652 2054 2710 characteristicum
2075 2648 2200 2707 hae-

98 2743 238 2801 resis
262 2741 416 2801 illius
442 2743 610 2803 fuisse
632 2752 647 2817 7
677 2745 829 2825 quod
856 2767 1033 2804 unam
1057 2757 1289 2805 tantum
1316 2757 1653 2825 agnosceret
1679 2747 1744 2805 in
1768 2745 1996 2804 Christo
2025 2755 2195 2803 natu-

97 2858 222 2897 ram
256 2850 389 2919 post
414 2839 712 2899 unionem.
755 2842 987 2900 Errores
1027 2840 1235 2924 reliqui
1275 2842 1446 2902 istius
1466 2842 1727 2901 factionis
1756 2841 2016 2924 primum
2036 2838 2204 2898 illum

168 3101 232 3162 (l)
268 3098 390 3163 Eos,
439 3105 519 3168 qui
567 3102 623 3150 de
663 3102 870 3168 Eutyche
916 3104 1108 3168 ejusque
1188 3105 1422 3169 inscripsit
1450 3101 1838 3150 Exercitationes
1884 3101 1940 3148 in
1978 3100 2208 3147 universa

102 3175 396 3231 sectatoribus
434 3161 744 3249 scripserunt¹‚
778 3184 916 3233 refert
946 3183 980 3230 F
984 3182 1108 3232 abri-
1190 3186 1245 3234 S.
1266 3184 1446 3232 Leonis
1462 3186 1547 3233 M.
1574 3199 1745 3249 opera,
1768 3182 1854 3232 fol.
1874 3182 2030 3231 Romae
2057 3179 2205 3248 1751,

102 3263 230 3320 cius,
262 3261 494 3313 Biblioth.
523 3283 724 3330 qraecae,
755 3277 866 3315 tom.
899 3283 947 3314 lx
967 3303 980 3325 ,
999 3284 1107 3332 pag.
1191 3282 1300 3331 pag.
1330 3267 1427 3314 310
1460 3275 1507 3315 et
1539 3283 1673 3332 seqq.
1715 3264 1948 3332 Praecipue
1975 3281 2084 3314 vero
2116 3263 2205 3311 cfr.

103 3344 200 3391 310
245 3354 288 3391 et
332 3360 461 3411 seqq.
506 3348 676 3412 quibus
714 3349 831 3397 adde
870 3349 1106 3397 eruditum
1189 3348 1329 3397 Joan.
1381 3348 1499 3396 Sim.
1557 3347 1836 3397 Assemanus
1856 3385 1870 3408 7
1923 3344 2207 3395 Biblotkeca

102 3423 155 3471 P.
175 3423 373 3473 Caeciari
388 3425 497 3474 ord.
515 3428 711 3478 Carmel.
726 3428 805 3477 De
821 3429 1108 3494 eutychiana
1191 3429 1470 3491 orientalis,
1493 3439 1607 3479 tom.
1630 3446 1666 3478 11
1682 3468 1695 3491 7
1727 3430 1908 3480 dissert.
1928 3427 2010 3477 De
2035 3423 2221 3476 Mona—-

101 3506 277 3555 haeresi
302 3517 344 3555 et
374 3508 574 3558 historia
604 3509 724 3559 liber
740 3513 935 3577 primus
967 3521 1012 3560 et
1033 3529 1109 3559 se·
1186 3510 1417 3577 phycitis,

102 3588 318 3652 candus,
353 3593 434 3656 qui
464 3593 764 3641 inveniuntur
790 3595 839 3640 in
873 3611 948 3659 op.
984 3593 1110 3660 quod
