2534 4088
278 187 352 244 60
932 208 1125 245 macr.
1175 210 1244 246 ns
1286 212 1723 253 lucam-unone·

276 348 550 409 vaticinio
576 359 774 408 autem
800 347 989 426 agitur
1021 346 1094 408 de
1122 346 1445 412 defectione
1468 354 1635 414 totali
1663 376 1731 415 ac
1762 366 2045 439 perpetua
2069 402 2084 432 7
2112 378 2242 440 quae
2267 379 2403 419 cona

275 445 533 506 nectitur
564 467 696 504 cum
746 442 955 525 templi
990 465 1056 502 ac
1086 442 1249 503 urbis
1280 449 1606 509 vastatione
1641 450 1763 532 (1)7
1794 463 1854 511 et
1874 454 2242 512 connectitur
2256 475 2406 535 prae-

275 550 436 600 terea
475 562 606 600 cum
639 549 831 598 morte
870 540 1093 599 Messiae
1115 584 1130 613 7
1161 544 1322 618 cujus
1349 541 1590 624 quidem
1619 547 1825 605 mortis
1852 549 2274 608 consectarium
2304 572 2405 631 po-

275 636 442 695 nitur
466 634 886 694 sacrificiorum
925 634 1193 695 defectio,

357 733 610 790 Demum
647 751 880 790 causam
915 730 1382 791 adversariorum
1423 755 1547 792 non
1588 745 1880 796 sustentat
1915 738 2076 819 quod
2109 750 2408 821 postremo

274 825 402 884 loco
426 826 671 908 ponitur
698 825 771 886 de
794 838 1166 909 peccatorum
1180 850 1384 910 poena7
1401 830 1626 908 justitia
1654 830 1823 910 legali
1845 877 1860 906 7
1892 845 1994 892 aut
2012 833 2284 895 felicitate
2307 857 2409 895 seu

273 920 548 982 libertate
583 921 942 996 obtinendi-‚13
978 923 1166 1003 agitur
1215 926 1375 983 enim
1407 924 1480 984 de
1523 927 1773 1007 peccatis
1803 926 1942 1008 ipsis
1974 948 2040 986 ac
2077 927 2150 988 de
2184 930 2408 1008 justitia

273 1018 511 1100 proprie
531 1017 685 1077 dicta
708 1029 995 1100 tanquam
1018 1040 1264 1079 munere
1289 1041 1391 1079 seu
1415 1019 1571 1079 dono
1600 1019 1901 1080 afferendo
1921 1020 1994 1080 ab
2021 1022 2148 1104 ipso
2174 1025 2405 1101 Messia7

275 1113 376 1194 qui
398 1124 487 1172 est
520 1113 699 1172 totius
728 1114 991 1173 vaticinii
1013 1114 1363 1195 primarium
1398 1114 1693 1194 objectum
1717 1162 1732 1191 7
1773 1138 1805 1174 a
1864 1139 1980 1198 quo
2010 1130 2247 1200 peccata
2274 1141 2414 1180 vere

275 1220 445 1269 erant
480 1207 767 1280 delenda,
811 1221 871 1268 et
906 1208 1242 1269 inducenda
1268 1211 1531 1288 justitia7
1581 1232 1708 1293 quae
1737 1214 2001 1293 sequitur
2039 1225 2415 1293 peccatorum

274 1304 680 1364 remissionem
696 1349 711 1378 7
724 1308 892 1382 juxta
913 1304 1137 1363 illudls.
1158 1305 1285 1363 LIII
1306 1351 1321 1380 7
1353 1305 1452 1381 107
1478 1306 1570 1367 11.
1596 1308 1851 1367 Peccata
1867 1310 2082 1408 3158041]
2100 1357 2112 1380 ‚
2132 1321 2411 1389 praeterea

276 1442 660 1501 conferuntur
707 1461 841 1499 cum
875 1445 1202 1521 iniquitate
1244 1452 1305 1501 et
1342 1462 1475 1500 cum
1521 1443 1701 1521 culpa
1749 1444 1880 1545 3527
1927 1464 2053 1526 quae
2106 1455 2194 1505 est
2230 1445 2412 1525 signi-

277 1565 467 1624 ficatio
496 1562 953 1623 fundamentalis
994 1563 1168 1643 hujus
1214 1564 1404 1639 vocis3
1439 1575 1745 1625 contextus
1784 1566 1963 1626 etiam
2002 1578 2201 1649 aperte
2227 1579 2315 1627 est
2341 1568 2415 1628 de

280 1671 653 1741 peccatorum
691 1680 789 1718 seu
819 1658 1128 1741 culparum
1152 1660 1362 1734 venia3
1399 1659 1530 1719 ideo
1561 1661 1720 1720 enim
1748 1672 1837 1720 tot
1859 1660 1955 1720 hic
1978 1661 2418 1722 accumulantur

277 1753 560 1816 vocabula
600 1799 615 1829 7
660 1766 728 1812 ut
766 1765 888 1813 tota
946 1765 1317 1836 peccatorum
1374 1754 1622 1816 humani
1663 1756 1890 1837 generis
1933 1756 2211 1818 colluvies
2255 1779 2416 1818 com-

276 1850 780 1933 prehenderetur,
813 1862 880 1909 ut
899 1872 931 1910 a
961 1849 1264 1910 nonnullis
1293 1850 1644 1911 adnotatum
1667 1862 1756 1911 est
1785 1852 1876 1934 (2)
1897 1877 1932 1927 ς,
1942 1852 2169 1932 justitia
2195 1854 2418 1935 pariter

345 2019 419 2082 (l)
454 2017 550 2067 Csr.
580 2021 790 2083 superius
806 2018 951 2068 dicta.
970 2017 1059 2067 Hic
1079 2028 1299 2084 praeterea

277 2101 742 2150 animadvertendum
757 2135 774 2162 ,
799 2100 1028 2168 ejusmodi
1053 2101 1300 2149 sacrificio·

278 2201 385 2232 rum
418 2181 701 2232 ablationem
748 2183 836 2231 sub
878 2183 1054 2248 duplici
1088 2193 1300 2248 respectu

278 2267 470 2330 spectari
499 2282 658 2331 posse,
695 2273 829 2330 prout
860 2264 1036 2315 scilicet
1060 2274 1130 2314 est
1156 2264 1301 2314 bene·

278 2346 440 2395 ficium
461 2383 476 2411 7
510 2365 564 2396 ac
594 2357 733 2413 prout
773 2365 907 2413 poena
939 2358 1026 2397 est.
1066 2346 1302 2413 Quatenus

279 2439 347 2478 est
362 2429 646 2479 beneficium
670 2433 865 2479 cessavit
882 2430 1036 2479 cultus
1055 2431 1268 2479 leviticus
1285 2466 1299 2490 ‚

279 2520 441 2577 utpote
458 2513 605 2578 figura
627 2550 641 2573 7
669 2528 773 2579 quae
802 2513 959 2562 locum
979 2512 1159 2561 cederet
1187 2513 1306 2577 figu-

279 2604 415 2657 rato;
445 2606 675 2661 quatenus
696 2604 749 2643 ut
781 2613 915 2661 poena
943 2604 1176 2660 spectatur
1194 2631 1206 2655 7
1237 2605 1304 2643 est

280 2678 463 2742 punitio
491 2680 633 2741 partis
648 2678 850 2726 infidelis
867 2677 1048 2743 populi,
1066 2679 1150 2743 qui
1176 2694 1303 2725 mor-

280 2770 374 2808 tem
389 2757 546 2807 intulit
561 2759 755 2808 Messiae.
768 2759 942 2807 Messiae
957 2777 1091 2825 porro
1107 2768 1304 2808 mortem

281 2841 529 2890 ablationis
572 2842 791 2890 sacrificii
833 2858 1021 2890 causam
1066 2859 1162 2890 esse
1180 2879 1194 2902 7
1249 2859 1304 2889 ex

282 2934 502 2972 contextu
529 2933 649 2990 patet
663 2961 676 2984 7
695 2924 887 2988 perinde
906 2940 960 2971 ac
985 2923 1306 2971 destructionis

282 3006 466 3072 templi.
513 3004 650 3071 Quod
686 3008 724 3053 si
768 3004 943 3053 ablatio
973 3006 1307 3054 sacrificiorum

282 3090 376 3137 sive
417 3088 569 3137 cultus
623 3086 793 3136 levitici
826 3097 893 3136 est
929 3087 1120 3136 effectus
1146 3090 1307 3135 mortis

283 3169 460 3218 Messiae
479 3207 491 3229 7
521 3170 659 3235 plane
693 3172 991 3235 consequitur
1023 3185 1119 3217 non
1143 3172 1215 3234 agi
1250 3169 1309 3216 de

283 3250 414 3300 nudo
425 3252 569 3316 facto,
588 3252 665 3300 sed
679 3251 736 3299 de
751 3252 1057 3316 abroqatione
1075 3250 1307 3316 leqitima.

285 3334 391 3383 Jam
423 3334 579 3382 foedus
609 3336 855 3400 antiquum
889 3352 967 3399 per
983 3344 1180 3383 mortem
1204 3334 1309 3381 Filii

283 3416 369 3465 Dei
404 3416 680 3482 abrogatum
710 3427 811 3479 est3
843 3434 948 3481 ergo
976 3427 1022 3466 et
1048 3416 1201 3465 cultus
1232 3434 1307 3463 sa-

286 3500 446 3548 crificii
465 3499 674 3566 ejusdem
692 3499 875 3547 foederis
891 3499 917 3547 J
922 3500 1102 3549 ehovah
1115 3536 1128 3559 7
1153 3498 1309 3565 quoad

286 3598 429 3629 suum
473 3598 605 3639 es⁸e;
637 3599 799 3646 parum
836 3583 1055 3642 interest,
1083 3580 1310 3647 quamdiu

287 3662 441 3711 adhuc
469 3664 787 3729 perduraverit
806 3663 958 3729 quoad
974 3665 1202 3712 actionem
1225 3680 1311 3711 ex-

289 3750 488 3795 ternam.
518 3745 650 3795 Idem
681 3746 757 3794 dic
784 3746 842 3794 de
868 3756 1051 3795 externa
1073 3747 1312 3794 eversione

1386 2017 1516 2067 urbis
1556 2028 1602 2067 et
1630 2018 1824 2084 templi;
1869 2035 1923 2066 ex
1967 2017 2162 2084 repudio
2200 2016 2326 2067 enim
2369 2029 2415 2068 et

1387 2110 1535 2149 morte
1561 2099 1732 2150 Messiae
1749 2117 1903 2167 neque
1932 2099 2044 2148 urbs
2061 2100 2258 2166 amplius
2275 2117 2413 2150 sanc·

1386 2192 1456 2243 ta,
1476 2200 1630 2249 neque
1649 2181 1875 2248 templum
1892 2181 2092 2247 amplius
2106 2181 2274 2231 domus
2295 2181 2381 2231 Dei
2396 2219 2410 2243 7

1387 2265 1469 2313 sed
1488 2265 1771 2313 abominatio
1801 2274 2021 2313 evaserat.
2049 2262 2148 2313 Cfr.
2172 2264 2313 2313 Zach.
2334 2279 2408 2328 ιη

1388 2347 1485 2396 vid.
1503 2346 1795 2413 Hengstenb.
1812 2364 1885 2412 op.
1904 2348 1983 2395 cit.
2002 2364 2106 2412 pag.
2125 2343 2224 2413 492
2244 2356 2288 2394 et
2306 2362 2410 2412 seq.

1455 2430 1527 2493 (2)
1552 2428 1674 2478 Sane
1687 2463 1701 2492 7
1720 2447 1821 2496 quae
1839 2430 2183 2477 annunciantur
2197 2429 2247 2475 in
2264 2427 2411 2476 tribus

1390 2510 1621 2578 prioribus
1645 2511 1893 2571 membris,
1911 2519 2123 2559 accurate
2147 2510 2411 2558 referuntur

1390 2594 1449 2642 ad
1474 2603 1768 2659 peccatorum
1784 2592 2122 2641 confessionem
2143 2628 2156 2651 7
2175 2609 2201 2639 a
2216 2590 2412 2641 Daniele

1390 2676 1559 2723 factam
1588 2694 1636 2724 v.
1666 2673 1696 2722 5
1727 2675 1869 2741 hujus
1897 2675 2087 2739 capitis,
2121 2675 2172 2720 in
2197 2690 2291 2740 qua
2316 2691 2415 2722 non

1391 2759 1539 2822 agitur
1579 2757 1637 2806 de
1673 2767 1968 2822 peccatorum
1997 2773 2133 2822 poena
2155 2793 2168 2817 7
2202 2765 2282 2804 aut
2310 2765 2417 2804 tan-

1391 2849 1491 2887 tum
1523 2838 1581 2887 de
1608 2840 1806 2904 peccatis
1836 2839 2000 2905 typicis
2023 2874 2036 2898 ‚
2074 2838 2153 2886 sed
2187 2840 2339 2901 agitur
2360 2838 2418 2887 de

1392 2923 1591 2987 peccatis
1611 2923 1795 2987 proprie
1819 2920 1955 2968 dictis
1978 2936 1991 2982 ;
2014 2922 2079 2968 ait
2103 2922 2228 2968 enim
2256 2937 2269 2968 :
2292 2920 2418 2968 Pee-

1392 3004 1637 3064 cavimus,
1668 3003 1977 3067 iniquitatem
2000 3002 2239 3066 fhcimm,
2267 3003 2419 3067 impie

1393 3086 1578 3149 eqimus
1627 3094 1671 3133 et
1712 3085 2066 3134 declinavimus
2102 3101 2133 3132 a
2171 3084 2418 3131 mandatis

1394 3171 1493 3217 tais
1523 3177 1568 3217 et
1586 3169 1820 3235 judiciis.
1848 3170 1967 3235 Ergo
1999 3170 2090 3216 nisi
2118 3169 2272 3216 dicere
2302 3168 2417 3216 veli-

1397 3269 1499 3299 mus
1526 3251 1755 3316 Angelum
1777 3288 1791 3311 7
1822 3269 1870 3299 v.
1900 3266 1964 3298 22
1983 3285 1997 3309 7
2026 3249 2210 3298 Danieli
2228 3267 2417 3297 annun-

1395 3335 1537 3382 ciasse
1583 3333 1763 3400 aliquid
1803 3334 1949 3398 ipsius
1984 3333 2197 3397 petitioni
2231 3342 2417 3380 contra-

1395 3417 1517 3462 rium
1534 3450 1547 3477 7
1568 3415 1807 3463 fatendum
1829 3424 2007 3462 estnon
2036 3412 2093 3461 de
2119 3424 2415 3479 peccatorum

1395 3515 1564 3563 poena,
1612 3496 1691 3545 sed
1721 3496 1778 3544 de
1810 3496 2006 3560 peccatis
2049 3497 2161 3559 ipsis
2191 3495 2271 3543 hic
2306 3497 2412 3560 agi3

1396 3596 1449 3628 ac
1478 3588 1715 3644 propterea
1740 3578 1831 3626 hoc
1856 3578 2015 3625 salutis
2044 3580 2210 3625 nuntio
2233 3578 2416 3641 mitiga-

1397 3671 1475 3709 tur
1512 3661 1674 3709 horror
1714 3660 1772 3710 de
1811 3660 1966 3709 futuro
2011 3659 2139 3708 urbis
2173 3670 2219 3709 et
2255 3657 2416 3723 templi

1399 3742 1598 3792 excidio.
