2534 4088
266 183 345 243 32
944 207 1138 244 'rr-Aer.
1186 207 1254 244 DE
1295 206 1738 248 nicanum-lomi.

349 348 449 408 59.
503 348 605 408 His
633 349 809 430 igitur
833 348 1141 428 perpensis
1160 392 1177 419 7
1213 349 1482 410 concludi
1512 352 1755 411 omnino
1784 351 1996 428 debet7
2034 353 2115 412 ita
2137 356 2395 436 praefini-

263 457 389 504 tam
427 443 720 506 adventus
747 441 970 502 Messiae
1007 442 1297 524 epocham
1331 466 1365 504 a
1404 448 1526 507 Deo
1563 469 1686 508 esse
1709 493 1725 522 7
1763 459 1830 507 ut
1863 448 2151 510 retardari
2182 447 2256 508 ob
2285 452 2394 510 Ju-

267 540 531 602 daeorum
562 548 797 622 peccata
821 559 945 598 non
976 539 1181 621 possit.

1095 745 1587 791 DIFFICULTATES.

348 912 448 974 60.
499 910 632 992 Ohj.
676 913 738 971 10
764 912 1061 995 Scriptura
1099 912 1373 973 universa
1414 913 1628 973 referta
1669 925 1757 974 est
1783 915 2070 978 vaticiniis
2107 918 2396 979 conditio-

265 1011 458 1085 natis;
494 1031 625 1092 quae
655 1008 766 1068 etsi
805 1007 1072 1068 absolute
1108 1009 1502 1069 enuncientur
1531 1055 1546 1084 7
1576 1021 1823 1071 eventus
1862 1023 2065 1072 tamen
2096 1015 2392 1096 patefecit,

263 1105 611 1189 implicitam
642 1104 741 1164 illa
773 1103 1171 1164 conditionem
1210 1105 1555 1180 contineret,
1590 1106 1799 1188 quidni
1834 1107 2009 1188 igitur
2050 1108 2210 1169 idem
2237 1109 2396 1170 dica-

265 1224 396 1262 mus
440 1201 515 1262 de
551 1200 878 1276 vaticiniis7
926 1222 1056 1283 quae
1098 1201 1367 1261 Messiam
1414 1202 1728 1284 spectant?
1778 1203 1845 1261 20
1875 1204 2028 1278 Quid
2068 1203 2230 1287 quod
2266 1227 2393 1265 non

265 1297 465 1358 desint
497 1296 856 1380 prophetiae,
891 1317 1022 1378 quae
1063 1295 1465 1356 conditionem
1500 1296 1787 1376 ejusmodi
1829 1300 2166 1382 exprimant
2189 1299 2220 1360 ’2
2259 1302 2398 1361 Ete-

264 1393 393 1453 nim
419 1438 436 1471 ,
475 1395 649 1453 Deut.
689 1393 851 1451 XXX
871 1437 887 1468 7
920 1392 996 1450 10
1019 1437 1036 1468 7
1072 1390 1402 1475 redemptio
1428 1391 1604 1453 Israel
1635 1394 2001 1476 promittitur
2031 1419 2045 1455 :
2090 1399 2158 1456 Si
2196 1407 2399 1455 tamen

266 1489 379 1570 (ut
399 1487 620 1549 ibidem
648 1486 860 1548 dicitur
889 1488 912 1568 )
942 1489 1219 1548 audieris
1239 1509 1432 1550 vocem
1462 1491 1724 1549 Domini
1748 1491 1869 1551 Dei
1884 1496 2070 1551 cml...
2098 1502 2155 1550 et
2194 1502 2394 1550 rever—

264 1590 420 1645 taris
460 1585 547 1644 ad
584 1586 923 1646 Dominum
963 1586 1167 1645 Deum
1209 1595 1387 1644 tuum
1429 1589 1501 1644 in
1543 1596 1654 1645 toto
1696 1588 1869 1646 corde
1909 1598 2011 1647 tuo
2072 1598 2127 1646 et
2167 1591 2238 1646 in
2281 1596 2399 1645 tota

264 1685 484 1740 anima
528 1691 658 1740 tua..
689 1679 755 1739 30
788 1678 959 1754 Quod
981 1684 1103 1759 jam
1127 1679 1362 1763 pridem
1381 1680 1639 1743 advertit
1667 1682 1930 1743 Pesichta
1957 1683 2019 1743 in
2040 1682 2165 1743 haec
2194 1681 2395 1758 verba7

264 1787 326 1837 et
352 1787 486 1859 post
519 1777 709 1859 ipsam
738 1774 1158 1837 Thalmudistae
1198 1777 1263 1835 in
1292 1776 1585 1837 Ghemara
1625 1776 1977 1859 Babylonica
2000 1824 2015 1855 7
2048 1779 2151 1862 qui
2180 1779 2395 1839 unani-

264 1873 442 1933 miter
485 1871 784 1932 affirmant
804 1918 820 1949 7
853 1894 925 1932 ex
961 1873 1328 1956 poenitentiae
1351 1873 1582 1934 defectu
1604 1885 1780 1956 atque
1805 1873 1880 1934 ob
1905 1874 2092 1935 multa
2117 1873 2398 1936 Hebraeo-

263 1991 400 2028 rum
444 1968 660 2029 scelera
711 1979 1036 2028 transactos
1068 1967 1300 2047 jamdiu
1352 1991 1476 2030 esse
1527 1970 1811 2030 terminos
1854 1969 2135 2032 adventui
2173 1971 2396 2030 Messiae

265 2065 608 2124 constitutos
653 2086 685 2123 a
728 2062 946 2124 celebri
981 2062 1298 2125 traditione
1326 2063 1537 2125 scholae
1569 2065 1818 2140 Elianae3
1855 2087 1999 2148 quos
2038 2066 2221 2126 secuti
2256 2077 2397 2126 sunt

263 2159 461 2242 plures
486 2181 559 2220 ex
582 2158 1005 2220 recentioribus
1031 2158 1340 2219 Rabbinis.
1374 2162 1543 2241 Ergo,

349 2256 448 2314 61.
497 2257 675 2337 Resp.
714 2255 790 2314 ad
817 2256 923 2331 11117
951 2257 1114 2315 Dz'st.
1144 2254 1286 2333 Quae
1319 2268 1521 2317 tamen
1571 2256 1668 2318 vel
1709 2279 1781 2317 ex
1817 2255 2112 2318 substrata
2151 2259 2395 2319 materia

264 2349 362 2414 vel
399 2372 471 2411 ex
511 2350 800 2430 adjunctis
838 2363 940 2411 aut
975 2351 1309 2412 conditione
1356 2351 1494 2412 alibi
1545 2374 1817 2435 expressa
1867 2352 2395 2436 deprehenduntur

265 2469 389 2509 esse
417 2446 813 2507 conditionata
843 2494 859 2524 7
888 2469 1079 2515 conc.,·
1113 2469 1275 2507 secus
1302 2493 1318 2524 ‚
1364 2469 1494 2528 neq.
1535 2447 1709 2507 Haud
1739 2448 2068 2508 inficiamur
2109 2448 2394 2527 ejusmodi

264 2543 536 2606 vaticinia
556 2542 954 2603 conditionata
976 2588 989 2610 ‚
1013 2565 1141 2626 quae
1166 2555 1368 2603 tamen
1384 2541 1649 2604 absolute
1675 2544 2089 2614 enuncientur,
2120 2544 2182 2602 in
2208 2546 2395 2628 Scrip-

264 2639 411 2698 turis
453 2639 716 2721 reperiri.
766 2639 924 2699 Talia
967 2651 1109 2698 sunt
1154 2649 1223 2698 ut
1258 2638 1583 2721 plurimum
1636 2659 1763 2721 quae
1813 2643 2271 2699 comminatoria
2310 2641 2393 2702 di-

267 2745 480 2794 cuntur
510 2779 525 2808 7
553 2734 909 2816 quandoque
936 2756 1075 2796 vero
1120 2735 1297 2793 etiam
1332 2734 1704 2817 promissoria
1733 2780 1747 2809 7
1779 2756 1910 2816 quae
1942 2746 2139 2795 tamen
2179 2736 2392 2796 alicubi

267 2828 668 2890 conditionem
706 2828 997 2889 adnexam
1025 2828 1268 2889 habent.
1309 2831 1524 2889 Verum
1559 2828 1729 2912 plura
1770 2831 1988 2913 pariter
2036 2844 2176 2891 sunt
2225 2832 2391 2893 abso-

266 2925 422 3004 luta,
472 2924 632 3008 quod
664 2946 840 2985 nemo
879 2925 942 2983 in
981 2923 1229 2985 dubium
1264 2924 1533 3001 vocabit3
1576 2925 1651 2984 ad
1685 2926 1898 2987 horum
1944 2948 2120 3009 porro
2150 2928 2391 2989 classem

267 3032 530 3105 spectare
566 3020 840 3082 vaticinia
874 3068 889 3097 7
924 3040 1052 3102 quae
1089 3021 1308 3081 Messiae
1335 3020 1659 3082 adventum
1694 3024 2049 3106 respiciunt7
2084 3025 2279 3083 omnia
2305 3045 2392 3083 ar-

269 3129 546 3199 gumenta
574 3163 589 3192 7
617 3138 746 3199 quae
778 3115 1029 3176 adducta
1056 3128 1208 3196 ⁸sunt
1241 3163 1257 3193 7
1287 3117 1617 3177 luculenter
1639 3118 1981 3179 ostendunt.

354 3213 449 3272 62.
495 3212 587 3272 Ad
614 3213 723 3288 2¹1²7
753 3212 905 3293 Neq.
937 3210 1027 3272 Ad
1053 3211 1219 3294 prob.
1259 3224 1456 3272 autem
1497 3234 1567 3272 ex
1598 3215 1772 3273 Deut.
1809 3213 2046 3272 allatam
2068 3259 2084 3288 7
2118 3215 2277 3274 Dz‘sc.
2323 3216 2392 3273 Et

270 3329 339 3367 eo
360 3306 487 3367 loco
522 3328 712 3367 sermo
739 3318 829 3367 est
865 3306 939 3366 de
965 3305 1240 3367 felicitate
1271 3307 1368 3369 vel
1402 3308 1710 3390 punitione
1742 3307 2136 3367 Israelitarum
2158 3330 2265 3391 pro
2301 3308 2393 3368 di-

271 3425 437 3466 versa
453 3404 716 3487 ipsorum
738 3403 947 3483 agendi
974 3403 1202 3463 ratione
1229 3403 1292 3462 in
1306 3402 1447 3484 legis
1465 3403 1834 3466 observantia
1857 3449 1872 3479 7
1901 3414 1961 3463 et
1981 3402 2221 3486 quidem
2247 3416 2394 3465 tem-

272 3624 472 3690 profert,
490 3627 573 3693 qui
592 3625 791 3674 fatentur
812 3624 991 3691 jamdiu
1015 3634 1178 3675 natum
1200 3639 1297 3673 esse
1378 3621 1624 3688 epocham.
1664 3640 1776 3688 opp.
1800 3623 1914 3672 edit.
1942 3622 2109 3688 Ultraj.
2152 3621 2310 3691 1699,
2346 3624 2396 3670 in

274 3706 493 3757 Messiam
528 3710 916 3775 J‘uxtastatutam
957 3708 1007 3755 in
1046 3705 1297 3773 Scripturis
1378 3705 1463 3755 fol.
1497 3705 1592 3756 vol.
1623 3722 1689 3767 11,
1721 3721 1826 3771 pag.
1859 3703 1954 3772 257
1987 3716 2031 3755 et
2060 3724 2155 3773 seq.
