2534 4088
310 159 439 220 264
979 178 1179 216 macr.
1223 179 1292 215 nn
1335 179 1773 220 mcanmnonn.

1224 349 1469 409 CAPUT
1554 353 1646 412 IV.

364 512 433 548 DE
460 507 837 548 COMMUNIONE
867 507 1192 546 IDIOMATUM
1236 509 1304 546 ΕΤ
1346 507 1705 549 ΔΒΟΒΔΤῙΟΝΕ
1747 511 1878 549 JESU
1923 494 2159 549 CHRISTO
2202 512 2422 551 DEBITA.

406 666 551 726 485.
598 664 888 750 Expositis
922 676 983 726 et
1007 664 1314 725 vindicatis
1345 685 1476 747 quae
1502 663 1579 724 ad
1619 665 1935 726 essentiam
1958 713 1974 743 ,
2005 678 2073 727 ut
2111 668 2193 727 ita
2234 666 2425 727 dicam
2447 714 2463 744 ‚

322 762 589 847 mysterii
638 761 947 822 dominicae
990 763 1415 822 Incarnationis
1453 771 1724 844 spectant
1748 762 2014 846 illudque
2055 764 2423 824 constituunt
2452 810 2468 840 7

321 859 618 941 reliquum
660 869 748 918 est
781 903 797 934 .,
852 869 918 917 ut
955 858 1250 941 praecipua
1288 857 1629 938 colligamus
1672 859 2028 919 consectaria
2052 904 2068 934 5
2117 881 2255 941 quae
2295 881 2368 919 ex
2402 880 2470 919 eo

324 954 651 1038 profluunt.
681 953 842 1013 Talia
886 975 1063 1036 porro
1104 965 1246 1012 sunt
1289 954 1644 1013 idiomatum
1686 976 1789 1014 seu
1843 955 2279 1037 proprietatum
2312 976 2476 1014 com-

323 1052 530 1111 munio
565 1051 688 1113 sive
715 1050 1170 1111 communicatio
1199 1062 1257 1110 et
1287 1050 1550 1110 adoratio
1577 1051 1809 1111 Christo
1839 1051 2040 1111 debita
2060 1097 2077 1128 ,
2104 1071 2232 1133 quae
2269 1072 2477 1110 exsur-

325 1160 473 1230 gunt
506 1170 580 1208 ex
618 1148 846 1207 unitate
882 1147 1099 1209 divinae
1124 1168 1391 1230 personae
1417 1159 1477 1207 et
1509 1146 1877 1229 hypostatico
1907 1146 2158 1210 duarum
2176 1168 2356 1207 nexa.
2391 1149 2477 1207 Ne

326 1257 531 1305 tamen
562 1291 579 1320 ‚
612 1266 743 1327 quae
768 1243 1163 1326 expendenda
1181 1243 1562 1326 suscipimUS,
1594 1243 1769 1303 simul
1797 1244 2037 1304 collecta
2073 1242 2479 1304 confusionem

328 1340 603 1421 ingerant
629 1386 647 1415 ,
681 1361 748 1399 ea
789 1340 851 1397 in
901 1338 1050 1398 duos
1085 1337 1360 1398 articulos
1402 1338 1823 1421 dispertiemur
1850 1385 1866 1416 ,
1909 1351 1977 1399 ut
2016 1339 2359 1420 singillatim
2404 1337 2479 1398 de

326 1436 643 1520 propositis
671 1433 954 1495 doctrinae
990 1434 1280 1519 capitibus
1302 1456 1561 1516 agamuS.

1149 1630 1542 1685 ARTICULUS
1582 1632 1626 1686 1.

909 1765 1002 1824 De
1039 1762 1413 1823 idiomatum
1456 1766 1899 1822 communione.

413 1943 558 2003 486.
608 1940 781 2017 Quod
807 1964 840 2001 a
883 1942 1103 2002 Latinis
1138 1945 1486 2002 communio
1511 1943 1880 2000 idiomatum
1911 1962 2014 2001 seu
2050 1939 2485 2024 proprietatum

343 2039 631 2124 appellari
669 2039 1008 2113 consuevit,
1053 2060 1086 2097 a
1129 2038 1345 2098 Graecis
1379 2039 1601 2120 passim
1637 2038 1871 2102 ἀντίδοσις
1910 2059 2014 2096 seu
2059 2047 2283 2096 mutua
2322 2058 2484 2096 oom-

332 2141 675 2196 munioatz‘o
714 2148 817 2195 aut
853 2135 1032 2195 etiam
1067 2139 1445 2214 permutatio
1485 2132 1718 2194 dicitur.
1771 2133 1829 2192 Si
1863 2155 1991 2194 rem
2038 2155 2180 2194 vero
2221 2142 2481 2216 specteS‚

339 2232 793 2293 communicatio
824 2231 1180 2291 idiomatum
1214 2253 1280 2291 ea
1318 2242 1442 2306 est.
1474 2252 1589 2312 qua
1623 2242 1872 2313 utraque
1916 2241 2128 2290 natura
2171 2240 2232 2289 et
2275 2229 2486 2289 utrius-

344 2351 459 2411 que
482 2339 710 2388 naturae
735 2328 1128 2410 proprietates
1153 2329 1233 2387 sic
1260 2326 1655 2387 enunciantur
1683 2327 1758 2387 de
1777 2326 2008 2387 Christo
2028 2373 2043 2403 7
2074 2337 2170 2401 ut,
2189 2348 2322 2409 quae
2351 2346 2486 2385 con-

342 2424 598 2487 veniunt
624 2423 886 2498 homini,
928 2446 994 2486 ea
1021 2423 1362 2484 tribuantur
1386 2427 1539 2498 De0,
1576 2434 1637 2484 et
1667 2445 1797 2507 quae
1835 2423 2198 2486 conveniunt
2229 2424 2383 2496 Deo,
2412 2419 2487 2480 de

336 2521 581 2582 homine
630 2520 1046 2604 praedicentur.
1097 2519 1578 2581 Fundamentum
1616 2532 1676 2581 et
1728 2542 1896 2580 causa
1944 2519 2214 2602 proxima
2260 2527 2484 2576 mutuae

335 2616 514 2696 hujus
549 2617 902 2677 idiomatum
935 2617 1485 2677 communicationis
1514 2628 1603 2676 est
1626 2616 1989 2699 hypostatica
2030 2615 2284 2674 duarum
2306 2623 2486 2671 natu-

339 2734 542 2771 rarum
570 2714 747 2788 uni03
775 2713 886 2772 hac
913 2715 1072 2774 enim
1090 2713 1321 2772 sublata
1341 2760 1356 2789 7
1382 2718 1510 2792 jam
1537 2712 1770 2772 nullum
1798 2712 1993 2772 locum
2013 2710 2236 2770 habere
2263 2719 2481 2792 posset.

341 2809 515 2869 Tanti
537 2810 785 2868 interest
804 2853 819 2884 ,
849 2808 1159 2889 diligenter
1192 2809 1489 2892 explicare
1516 2820 1575 2869 et
1605 2810 1861 2869 retinere
1891 2808 1951 2867 id
1972 2855 1987 2884 7
2023 2806 2183 2891 quod
2208 2816 2296 2866 est
2325 2826 2488 2865 com-

343 2905 666 2965 municatio
701 2903 1054 2963 idiomatum
1081 2950 1098 2980 .‚
1141 2907 1348 2988 quanti
1385 2905 1677 2966 custodire
1707 2907 1995 2966 sinceram
2035 2916 2095 2965 et
2123 2915 2347 2964 rectam
2389 2903 2489 2961 In-

344 3000 700 3062 carnationis
733 3000 1060 3060 notionem.

426 3097 570 3157 487.
621 3098 912 3171 Quoniam
942 3118 1083 3158 vero
1115 3119 1239 3156 non
1273 3097 1451 3157 modo
1494 3098 1727 3158 haeresis
1773 3097 2145 3169 Nestoriana‚
2174 3116 2304 3177 quae
2332 3092 2486 3154 divi-

346 3190 525 3253 debat
546 3193 610 3251 in
638 3193 870 3253 Christo
891 3215 1171 3276 personas
1194 3239 1210 3268 ‚
1228 3192 1332 3253 sed
1351 3194 1585 3255 haeresis
1602 3215 1836 3277 quoque
1866 3190 2226 3272 Eutychiana
2250 3188 2488 3252 vitanda

344 3374 565 3437 befisius,
584 3372 800 3424 Dissert.
818 3375 1113 3442 apoloqetica
1134 3390 1227 3441 pro
1248 3377 1371 3424 actis
1463 3374 1522 3423 ad
1551 3391 1729 3423 annum
1749 3370 1842 3421 681
1870 3410 1883 3432 ,
1906 3373 1965 3421 ad
1984 3391 2034 3422 n.
2060 3373 2117 3421 31
2145 3381 2192 3422 et
2224 3389 2359 3438 seqq.
2387 3371 2491 3438 Quo

346 3466 490 3506 sextoe
522 3454 717 3523 Synodi
734 3478 754 3515 ;
782 3458 940 3524 Lupus
961 3497 975 3520 ,
1011 3461 1062 3507 in
1083 3459 1264 3507 dissert.
1300 3456 1373 3506 De
1467 3474 1572 3505 vero
1613 3473 1750 3505 sensu
1788 3456 2026 3504 interdum
2062 3473 2238 3504 nomen
2273 3454 2491 3503 haeretici

349 3552 485 3591 sexta
501 3541 683 3606 synodo
699 3542 756 3589 ad
774 3550 864 3590 act.
893 3544 1041 3605 xv11i3
1074 3552 1234 3590 auctor
1259 3559 1375 3590 ano·
1466 3549 1765 3604 usurparetur
1782 3575 1795 3598 ‚
1830 3549 1876 3587 et
1906 3539 2190 3604 applicatum
2216 3538 2359 3586 fuerit
2387 3536 2485 3584 Ho-

350 3643 520 3690 nymus
550 3625 793 3674 Historiae
829 3624 1250 3673 monothelitarum
1270 3660 1285 3685 ‚
1325 3626 1376 3672 in
1465 3625 1599 3671 norio
1621 3659 1634 3682 ‚
1666 3622 1755 3670 cfr.
1791 3621 1985 3686 Bolgeni
2012 3620 2063 3670 S.
2093 3620 2139 3668 J.
2169 3622 2323 3686 in-op.
2351 3617 2492 3667 Fani

351 3710 575 3759 scrutinio
607 3707 672 3773 6;
705 3708 905 3773 pagius,
946 3707 1127 3757 Critice
1155 3708 1376 3757 Baronii
1466 3708 1766 3757 dommatioi.
1801 3726 1904 3774 cap.
1938 3705 2002 3771 4,
2030 3724 2165 3774 prop.
2196 3704 2245 3755 6.
