2534 4088
313 246 474 282 ram.
501 246 541 282 1.
567 244 687 281 car.
737 243 801 279 11.
849 242 918 280 ne
960 241 1112 279 aroc,
1158 244 1223 279 Er
1269 242 1440 281 orme.
1488 240 1653 280 raom.
1698 240 1926 280 messus.
2097 221 2170 279 61

71 383 384 445 adferenda
415 383 624 442 dicitur
649 394 872 442 oeterna
892 427 908 457 .,
943 381 1003 440 id
1029 393 1147 457 est,
1175 383 1448 464 perennis
1469 428 1484 457 ,
1510 393 1812 465 perpetua.
1846 383 2047 464 Itaque
2071 403 2176 442 ex-

72 479 328 560 ploditur
354 477 606 539 violenta
630 476 1035 558 interpretatio
1060 476 1181 538 sive
1209 476 1280 535 de
1313 498 1489 558 poena
1516 488 1885 557 peccatorum
1904 522 1919 551 .,
1956 477 2077 539 sive
2101 478 2176 538 de

66 575 288 651 justitia
321 572 522 651 legali,
561 582 662 630 aut
699 571 772 630 de
801 570 1069 630 libertate
1096 572 1337 651 antiqua
1363 570 1790 651 recuperanda,
1826 592 1958 630 cum
1982 572 2175 652 potius

75 690 145 727 ex
177 667 443 729 vaticinio
483 666 912 726 denuncientur
951 665 1201 724 infidelis
1238 663 1439 745 populi
1480 675 1740 725 extrema
1786 666 2063 726 desolatio
2111 688 2176 726 ac

74 762 300 844 punitio
319 806 335 835 ,
367 772 427 820 et
458 761 751 840 abrogatio
783 761 958 820 totius
993 759 1189 841 legalis
1214 758 1450 836 justitiae
1493 757 1601 838 (l).

158 855 296 914 102.
345 855 432 914 Ad
451 855 556 927 4¹1¹,
572 856 722 935 Ney.
753 854 1222 934 consequentiam
1239 872 1311 910 ex
1329 851 1484 910 falsis
1506 854 1817 933 praemissis
1841 855 2174 930 deductam;

75 949 233 1033 quod
273 953 320 1008 si
360 949 728 1009 Hardouinus
763 961 822 1008 et
860 947 1085 1007 Calmet
1111 991 1128 1020 ,

1162 967 1284 1004 non
1318 945 1681 1006 excludendo
1707 959 1908 1008 tamen
1941 951 2178 1011 relatio-

77 1068 216 1105 nem
240 1044 498 1106 vaticinii
517 1044 592 1102 ad
621 1042 888 1102 Messiam
904 1085 920 1114 ,
947 1061 1017 1100 ex
1043 1051 1211 1121 parte
1235 1053 1642 1099 concesserunt
1668 1042 1731 1100 in
1756 1045 2179 1125 expositionem

76 1139 387 1200 Marshami
407 1183 423 1212 ,
453 1135 855 1217 imprudenter
881 1155 946 1192 ac
980 1133 1208 1194 levib'us
1244 1136 1556 1194 momentis
1602 1136 1824 1196 inducti
1851 1139 1931 1197 ita
1965 1160 2026 1198 se
2050 1162 2179 1220 ges—

79 1243 279 1292 serunt
298 1277 314 1306 ,
335 1217 412 1290 'ac
445 1230 648 1289 iisdem
673 1229 1028 1308 argumentis
1049 1228 1398 1288 refelluntur
1416 1274 1431 1303 ,
1461 1228 1671 1311 quibus
1699 1232 2015 1292 Marshami
2047 1234 2179 1294 alio-

79 1347 322 1407 rumque
350 1324 922 1383 anti—messianorum
954 1323 1236 1404 expositio
1277 1323 1624 1384 excluditur.

144 1504 211 1570 (l)
244 1502 350 1553 [deo
363 1503 458 1552 haec
469 1505 646 1570 justitia
662 1512 843 1553 aeterna
862 1515 1050 1554 vocatur
1063 1541 1077 1568 ,

75 1587 181 1651 quia
207 1601 264 1633 ex
303 1595 473 1633 aeterno
511 1584 595 1633 Dei
630 1585 813 1635 decreto
855 1589 1080 1651 originem

74 1665 213 1714 habet
233 1703 245 1725 ,
286 1676 329 1714 et
371 1667 479 1731 quia
524 1666 818 1716 durationem
863 1678 1079 1716 aeternam

74 1746 240 1796 habere
288 1746 425 1795 debet
447 1784 461 1807 ‚
510 1765 591 1812 per
635 1751 970 1814 oppositionem
994 1744 996 1747 ⁵
1022 1751 1080 1799 ad

74 1830 329 1876 transitoria
368 1827 489 1878 dona
517 1832 704 1895 justitiae
737 1840 783 1879 et
809 1834 964 1896 gratiae
996 1832 1080 1880 foe-

74 1909 192 1958 deris
219 1912 399 1976 antiqui
430 1921 475 1959 et
516 1912 575 1959 ad
605 1929 766 1960 omnes
801 1931 872 1962 res
910 1925 1081 1962 creatas

75 2001 121 2040 et
147 1994 389 2040 mutationi
428 1992 669 2044 obnoxias.
714 1994 826 2043 Hoec
857 1998 1080 2060 expositio

77 2071 294 2120 fundatur
305 2075 355 2120 in
370 2076 557 2122 vetustis
570 2075 917 2125 translatoribus
935 2114 949 2136 ,
974 2094 1077 2138 Lxx,

77 2150 632 2220 Theodotione‚Vulgata‚
654 2157 767 2223 Syro
783 2169 826 2207 et
847 2161 1081 2225 antiquio-

81 2232 207 2280 ribus
238 2235 596 2299 interpretibus,
628 2241 664 2286 si
696 2239 922 2306 quosdam
958 2243 1078 2290 exci-

76 2315 206 2377 pias,
253 2324 306 2362 ut
342 2315 404 2363 R.
448 2316 717 2367 Barachiam
764 2323 815 2369 in
864 2322 1083 2371 Bere-scit

76 2393 251 2455 rabbei,
289 2396 346 2443 ad
381 2414 426 2445 v.
471 2396 559 2460 14,
600 2400 826 2449 dicentem
852 2419 867 2449 ε
898 2402 997 2451 Iste
1014 2412 1084 2452 est

76 2475 181 2522 Rea·
210 2476 449 2537 Messias,
500 2479 557 2526 de
602 2497 694 2544 quo
733 2483 966 2548 scriptum
1015 2492 1085 2532 est

76 2554 215 2604 Dan.
231 2573 277 2605 ιι
295 2575 309 2606 :
325 2557 378 2605 E
379 2567 399 2605 t
412 2558 478 2606 ad
489 2560 818 2610 adducendam
826 2565 1081 2628 justitiam

77 2637 338 2686 seculorum
354 2639 430 2688 vel
438 2626 777 2707 sempiternam
785 2663 805 2701 ;
818 2646 941 2709 apud
961 2645 1077 2712 Ray.

77 2716 307 2780 Martini,
346 2738 449 2786 pag.
493 2721 622 2784 285,
658 2724 768 2772 edit.
792 2728 872 2774 cit.
906 2726 1084 2776 Verum⁴

76 2798 243 2848 horum
261 2805 478 2867 expositio
497 2805 631 2853 facile
656 2823 763 2854 cum
789 2809 928 2872 priori
950 2826 1078 2857 com-

76 2883 293 2945 ponitur,
322 2900 430 2931 eum
471 2896 626 2950 agatur
649 2887 706 2935 de
740 2898 910 2938 aeterno
935 2892 1078 2955 ipsius

78 2973 276 3012 auctore.
303 2964 351 3015 J.
382 2965 441 3014 D.
470 2967 736 3028 Michaelis,
769 2980 812 3018 et
843 2981 946 3035 post
970 2990 1077 3020 eom

78 3047 349 3094 recentiores
385 3048 527 3114 aliqui
558 3060 795 3114 exponunt
823 3052 924 3101 haec
959 3058 1078 3102 vati-

75 3126 184 3172 cinii
202 3127 339 3176 verba
355 3126 442 3177 hac
456 3132 628 3179 ratione
648 3148 661 3178 τ
688 3130 737 3179 Α
742 3132 775 3179 d
790 3133 1077 3183 reddendam

75 3205 404 3257 innocentiam
431 3214 756 3275 pristinorum
784 3222 1079 3280 temporum,-

76 3294 124 3332 at
155 3287 317 3337 frustra
337 3326 351 3352 ,
390 3300 439 3338 1⁰
470 3296 578 3358 quia
618 3312 767 3343 sermo
802 3314 899 3344 non
927 3308 995 3346 est
1020 3299 1077 3348 de

71 3366 245 3429 justitia
271 3371 532 3435 subjectiva
550 3408 565 3435 ‚
588 3393 668 3424 seu
693 3376 942 3443 subjectiva
969 3397 1076 3444 pro-

76 3445 219 3496 bitate
240 3487 252 3507 ,
276 3453 354 3500 sed
384 3453 440 3502 de
467 3458 642 3520 justitia
667 3457 896 3523 oly‘ectiva
909 3495 926 3520 ,
960 3479 1076 3526 qua·

73 3535 207 3575 tenus
226 3529 398 3581 donum
417 3533 499 3583 Dei
516 3548 612 3598 est,
633 3540 822 3602 perinde
839 3558 892 3589 ac
905 3541 1075 3590 ablatio

72 3617 118 3655 et
147 3611 282 3658 venia
310 3625 627 3679 peccatorum,
657 3620 716 3668 de
741 3638 834 3686 qua
870 3625 1075 3687 superio-

69 3689 197 3739 ribus
231 3692 379 3742 verbis
406 3698 554 3761 agitur
569 3735 584 3760 ,
610 3716 713 3767 quae
729 3705 897 3767 pariter
917 3704 1074 3770 objec-

1163 1506 1266 1553 tiva
1292 1515 1390 1569 est3
1422 1506 1509 1555 cfr.
1552 1505 1626 1555 Ps.
1671 1523 1844 1568 cxxxr,
1876 1525 1941 1575 93
1977 1511 2088 1575 quia
2125 1520 2179 1560 2⁰

1163 1586 1398 1635 extollitur
1414 1606 1440 1635 a
1461 1587 1649 1636 Daniele
1665 1606 1700 1636 11
1715 1626 1727 1649 ,
1746 1587 1842 1653 443
1863 1608 1945 1651 vu,
1975 1590 2034 1640 18
2052 1629 2064 1653 ,
2091 1609 2176 1660 27,

1165 1671 1397 1717 aeternitas
1427 1669 1645 1718 Messiani
1662 1674 1789 1735 regni
1810 1670 2003 1738 ejusque
2031 1674 2180 1724 dono-

1164 1767 1268 1797 rum
1290 1766 1304 1814 3
1338 1751 1392 1799 3ο
1406 1753 1514 1817 quia
1533 1751 1699 1800 falsum
1726 1763 1822 1814 est,
1856 1733 2013 1823 Uir&
2040 1759 2179 1823 origi-

1907 1827 1936 1847 τ

1165 1867 1291 1914 narie
1327 1866 1581 1932 longiorem
1624 1867 1867 1918 dumtaxat
1905 1871 2179 1921 indetermi-

1165 1957 1319 1995 natam
1351 1948 1675 2013 durationem,
1718 1968 1816 1999 non
1845 1969 1952 2000 vero
1984 1956 2180 2002 oeterni-

1165 2036 1307 2076 tatem
1349 2029 1601 2090 denotare,
1649 2041 1702 2079 ut
1739 2031 1948 2097 pluribus
1979 2036 2180 2085 ostendit

1167 2109 1545 2176 Hengstenberg‚
1583 2113 1679 2162 loc.
1721 2116 1801 2162 cit.
1836 2132 1940 2181 pag.
1987 2115 2084 2184 427
2132 2127 2178 2168 et

1167 2209 1301 2257 seqq.
1334 2191 1487 2258 Atque
1519 2211 1573 2242 ex
1610 2195 1682 2243 his
1712 2208 1937 2245 corruunt
1969 2199 2070 2246 aliae
2101 2202 2178 2248 in-

1167 2276 1515 2336 terpretationes
1541 2292 1722 2337 eorum,
1750 2281 1831 2342 qui
1857 2296 1937 2342 per
1952 2277 2178 2346 justitiam

1169 2355 1388 2403 aeternam
1420 2357 1712 2406 contendunt
1755 2360 2001 2424 significari
2044 2365 2178 2411 anti-

1166 2451 1347 2498 quam;
1381 2447 1483 2485 tum
1522 2456 1683 2487 eorum
1703 2477 1716 2500 ,
1755 2443 1837 2506 qui
1868 2442 2178 2509 subjectivum

1169 2525 1307 2581 atque
1339 2517 1694 2583 hyperbolicum
1721 2539 1906 2571 sensum
1927 2524 2000 2572 his
2023 2526 2177 2574 verbis

1167 2597 1315 2645 inesse
1347 2609 1622 2659 autumant,
1643 2618 1751 2649 cum
1783 2604 1912 2651 nulla
1938 2622 2075 2655 causa
2103 2609 2177 2672 ip-

1166 2679 1257 2726 sius
1278 2679 1431 2728 afferri
1462 2684 1630 2745 possit,
1652 2693 1751 2730 tum
1769 2685 1969 2751 denique
1988 2703 2174 2749 eorum,

1166 2761 1247 2824 qui
1278 2777 1386 2808 cum
1411 2761 1649 2811 Bertholdt
1679 2765 1842 2813 volunt
1871 2770 2062 2832 exprimi
2092 2787 2176 2818 an-

1165 2843 1343 2906 tiquam
1386 2841 1650 2892 libertatem
1695 2863 1722 2894 a
1764 2849 1875 2913 jugo
1914 2850 2100 2913 politico
2132 2862 2177 2901 et

1164 2922 1389 2987 religioso.
1418 2923 1590 2974 Omnes
1611 2929 1736 2975 enim
1763 2931 1991 2994 ejusmodi
2018 2949 2178 2982 recen-

1164 3004 1335 3052 tiorum
1379 3007 1774 3071 interpretationes
1813 3011 2019 3059 distortae
2066 3025 2176 3063 sunt

1163 3094 1300 3150 atque
1340 3104 1393 3134 ex
1418 3105 1603 3137 erronea
1636 3090 1883 3155 hypothesi
1909 3103 2019 3141 ortae
2054 3097 2175 3145 circa

1163 3164 1429 3216 relationem
1447 3171 1584 3217 totius
1602 3170 1742 3236 hujus
1757 3190 1924 3222 versus.
1941 3173 2175 3226 Naturalis

1162 3257 1206 3295 et
1245 3247 1409 3298 obvius
1445 3268 1604 3300 sensus
1632 3269 1784 3319 neque
1814 3254 2054 3306 Michaelis
2090 3276 2175 3307 ne·-

1163 3347 1256 3394 que
1288 3329 1460 3379 Jahnio
1483 3333 1689 3394 arridet,
1717 3339 1799 3401 qui
1821 3354 2004 3386 versum
2033 3341 2173 3388 istum

1161 3411 1366 3460 referunt
1397 3413 1455 3461 ad
1483 3423 1661 3479 tempus
1693 3418 1959 3469 immediate
1981 3421 2173 3470 exilium

1160 3490 1488 3557 babylonicum
1523 3496 1837 3563 subsequens,
1873 3518 2026 3566 neque
2060 3501 2171 3551 Ber—

1163 3571 1376 3634 tholdto,
1416 3577 1496 3641 qui
1526 3577 1662 3626 refert
1701 3579 1762 3627 ad
1805 3581 2026 3646 epocham
2071 3594 2175 3648 post

1162 3657 1499 3719 oppressionem
1527 3657 1744 3708 Antiochi
1760 3661 2033 3727 Epiphanis.
2054 3662 2173 3730 Apte

1161 3734 1273 3784 huic
1301 3740 1450 3786 versui
1488 3741 1731 3805 respondet
1767 3742 1844 3793 Ps.
1875 3760 2018 3794 txvm
2039 3783 2053 3807 ,
2085 3743 2170 3797 28.
