2534 4088
326 145 404 205 82

990 165 1191 203 TRACT.
1242 167 1309 203 DE
1354 167 1770 206 INCARNATIONE
1781 194 1792 206 .

322 314 640 388 jungerent
675 306 786 386 (l).
845 304 1009 363 Falsa
1044 315 1331 386 praeterea
1379 319 1467 367 est
1505 309 1791 388 ejusmodi
1835 315 2282 390 commentati0‚
2316 337 2450 375 cum

332 426 564 463 causam
602 405 756 461 Deus
795 400 919 482 ipse
957 400 1226 481 aperiat,
1270 423 1450 482 quare
1500 426 1783 484 magnum
1819 407 1894 465 sit
1930 429 2149 467 nomen
2177 431 2349 469 suum
2387 413 2450 470 in

332 499 601 580 gentibus
622 544 637 570 ‚
672 496 806 578 quia
832 494 1048 555 scilicet
1075 517 1108 554 a
1145 495 1281 555 solis
1315 508 1448 555 ortu
1471 520 1655 580 usque
1685 500 1760 560 ad
1786 522 2051 561 occasum
2084 503 2327 564 offertur
2353 529 2449 567 uo-

332 599 498 655 mini
513 616 620 653 suo
652 593 871 651 oblatio
898 592 1134 650 munda
1163 637 1178 666 ,
1222 614 1323 650 seu
1348 594 1582 671 fertum
1600 617 1845 674 purum
1873 597 1986 678 (2)7

416 690 551 748 135.
602 690 722 747 Nec
755 688 950 746 minus
982 686 1201 746 absona
1231 698 1318 747 est
1343 686 1526 747 altera
1559 689 1968 770 interpretatio
1990 740 2007 767 ‚
2048 716 2177 776 quae
2201 696 2452 757 sumitur

332 809 402 845 ex
427 783 771 867 hypothesi,
802 805 917 866 qua
943 786 1097 843 Deus
1123 781 1393 863 gentibus
1418 783 1765 851 sacrificium
1781 786 1891 846 sibi
1915 788 2283 850 offerendum
2306 815 2453 875 prae·

395 1020 468 1085 (1)
500 1019 600 1069 cfr.
631 1036 684 1068 1-11
707 1019 823 1085 Reg.
860 1034 940 1069 xv1
969 1030 1014 1068 et
1040 1036 1174 1086 seqq.
1197 1057 1209 1080 ‚
1240 1028 1343 1068 >tum

327 1121 375 1153 iv
401 1103 517 1168 Reg.
556 1120 690 1164 xvn,
728 1098 788 1155 16
817 1111 861 1150 et
897 1119 1030 1168 seqq.

397 1186 459 1248 (2)
497 1184 596 1235 Cfr.
627 1183 841 1234 Sanctius
870 1186 923 1231 in
951 1184 1080 1232 hunc
1109 1183 1202 1238 loc.
1238 1181 1347 1231 Non

328 1286 462 1337 posse
483 1268 574 1316 hoc
600 1269 874 1317 vaticinium
897 1268 989 1314 nisi
1026 1266 1085 1322 de
1103 1283 1224 1315 nova
1247 1265 1347 1330 lege

328 1363 373 1400 et
416 1350 629 1399 Ecclesiae
667 1360 873 1414 tempore
910 1346 1140 1413 intelligi,
1185 1364 1348 1395 omnes

329 1451 439 1482 sane
466 1449 705 1497 exegeseos
726 1429 890 1496 regulae
919 1448 1105 1496 prorsus
1126 1430 1345 1478 clamant.

328 1515 480 1563 Debet
509 1516 633 1563 enim
674 1513 874 1562 conferri
914 1530 1022 1561 cum
1059 1512 1159 1560 aliis
1196 1512 1344 1573 locis,

326 1601 379 1646 in
411 1597 585 1664 quibus
610 1596 877 1661 praedicitur
893 1596 1060 1644 veteris
1092 1594 1275 1643 foederis
1295 1611 1349 1642 ac

328 1683 495 1731 veteris
524 1679 762 1728 sacerdotii
797 1689 842 1727 et
866 1677 1018 1726 cultus
1036 1677 1211 1726 levitici
1233 1676 1349 1725 abo-

326 1764 428 1813 litio
447 1801 461 1823 ,
497 1780 607 1811 cum
645 1762 760 1810 locis
789 1777 966 1810 novum
1000 1760 1310 1809 sacerdotium
1331 1796 1345 1820 ,

327 1863 381 1895 ac
413 1845 607 1911 proinde
630 1862 806 1894 novum
841 1843 1119 1893 sacrificium
1152 1844 1348 1908 promit-

328 1928 537 1977 tentibus
555 1963 573 1988 ,
604 1944 657 1974 ac
678 1927 872 1975 demum
894 1942 1003 1973 cum
1019 1927 1119 1989 ipso
1147 1934 1314 1973 eventu
1330 1961 1343 1984 ‚

328 2013 410 2077 qui
442 2027 631 2059 omnem
650 2047 662 2070 ‚
698 2011 735 2056 si
767 2026 859 2074 qua
885 2017 1033 2066 esset,
1068 2006 1347 2070 ambiguita-

327 2103 421 2141 tem
449 2094 501 2140 in
532 2091 681 2140 verbis
711 2090 948 2156 prophetae
983 2088 1184 2138 sustulit.
1223 2086 1345 2136 Cum

328 2178 455 2224 enim
473 2185 603 2222 vetus
624 2172 932 2221 sacerdotium
951 2171 1086 2237 plane
1105 2172 1348 2219 cessaverit

330 2276 423 2306 una
440 2274 548 2305 cum
566 2258 695 2304 omni
711 2254 1044 2305 sacrificiorum
1057 2253 1346 2301 leviticorum

328 2348 550 2405 apparatu
570 2374 584 2397 ,
614 2354 721 2386 cum
747 2336 958 2385 Christus
973 2335 1345 2384 Eucharisticum

324 2407 619 2470 ‘Sacrificium
648 2421 898 2468 instituerit
918 2418 1213 2467 offerendum
1240 2417 1347 2464 ubi-

328 2522 420 2571 que
455 2514 678 2552 terrarum
709 2519 734 2550 a
764 2500 1076 2550 sacerdotibus
1095 2537 1110 2560 ‚
1139 2517 1222 2547 seu
1258 2500 1350 2547 mi-

327 2585 483 2635 nistris
510 2585 568 2634 ad
599 2586 759 2633 hocin
787 2593 1061 2649 perpetuum
1094 2584 1345 2642 institutis,

327 2687 438 2717 cum
477 2669 648 2717 factum
676 2667 727 2715 id
753 2670 963 2727 evincat,
997 2664 1112 2731 quid
1147 2663 1348 2728 amplius

329 2754 547 2818 quaeras?
577 2749 703 2798 Num
732 2749 975 2797 infirmum
1007 2746 1238 2813 ejusmodi
1274 2763 1349 2794 ar-

328 2843 604 2900 gumentum
618 2831 799 2891 evadet,
815 2847 870 2878 eo
891 2829 1019 2894 quod
1036 2829 1226 2877 demum
1247 2838 1350 2893 post

330 2934 406 2965 xvi
448 2915 601 2965 secula
639 2913 845 2962 infelices
875 2910 1092 2960 nonnulli
1117 2911 1344 2971 haeretici,

330 3001 413 3065 qui
440 3015 487 3046 se
509 2997 816 3045 Protestantes
834 3003 1055 3042 vocarunt
1071 3030 1085 3051 ‚
1109 2995 1347 3041 veritatem

328 3082 453 3129 hanc
466 3078 755 3145 repudiarint
768 3114 782 3139 ,
807 3093 951 3143 quam
972 3077 1186 3123 universa
1200 3073 1347 3121 chris-

328 3165 454 3211 tiana
469 3161 674 3210 Ecclesia
693 3171 788 3209 tam
806 3159 943 3225 longa
957 3157 1216 3207 seculorum
1232 3159 1347 3205 serie

328 3245 530 3310 professa
562 3247 666 3291 est?
698 3242 855 3291 Patres
890 3257 1050 3289 omnes
1088 3239 1179 3287 hoe
1207 3255 1342 3303 urge-

328 3327 448 3376 bant
483 3336 809 3390 argumentum
862 3324 1000 3390 plane
1044 3322 1344 3373 ineluctabile

330 3411 547 3464 adversus
578 3408 766 3457 Judaeos
785 3446 798 3468 ‚
840 3418 893 3457 ut
938 3407 1141 3457 Irenaeus
1160 3443 1174 3466 ,
1206 3403 1340 3454 Adv.

329 3493 493 3541 haeres.
527 3491 611 3539 lib.
641 3507 691 3540 lv
712 3526 726 3550 ‚
760 3507 865 3555 cap.
904 3506 961 3556 17
983 3527 998 3553 ‚
1037 3508 1086 3538 n.
1125 3486 1154 3537 5
1177 3525 1190 3549 ‚
1227 3488 1340 3537 edit.

329 3574 486 3623 Maur.
511 3589 525 3635 3
593 3573 802 3622 Justinus
863 3571 933 3621 M.
959 3610 973 3633 ,
1028 3569 1173 3619 Dial.
1231 3586 1342 3617 cum

339 3656 527 3722 Tryph.
548 3691 564 3718 ‚
587 3673 639 3704 n.
673 3652 731 3717 41
757 3693 770 3716 ‚
800 3654 910 3703 edit.
945 3654 1119 3704 Maran.
1144 3651 1340 3718 Cypria-

1438 1037 1559 1080 nus,
1591 1018 1724 1068 Ado.
1749 1019 1873 1068 Jud.
1902 1016 1986 1069 lib.
2022 1038 2065 1082 ι,
2094 1036 2196 1088 cap.
2233 1021 2320 1086 16,
2339 1025 2454 1074 edit.

1435 1102 1591 1151 Maur.
1616 1111 1668 1149 ut
1684 1102 1797 1150 alios
1812 1112 2091 1167 praeteream.
2112 1103 2267 1156 Placet
2281 1105 2334 1154 S.
2356 1106 2455 1156 Ire-

1435 1187 1523 1233 naei
1539 1184 1679 1232 verba
1700 1184 1950 1245 adducere,
1968 1196 2020 1233 ut
2036 1196 2186 1250 pateat
2205 1225 2218 1248 ‚
2242 1204 2457 1255 quaenam

1436 1267 1576 1317 fuerit
1618 1277 1725 1323 ante
1764 1284 1942 1315 annum
1987 1278 2150 1330 202¹¹¹‚
2200 1288 2281 1319 seu
2322 1272 2457 1319 initio

1437 1348 1579 1396 seculi
1613 1346 1688 1396 111i
1720 1348 1935 1397 Ecclesiae
1965 1349 2080 1398 fides
2108 1363 2122 1392 τ
2154 1348 2252 1398 Sed
2283 1360 2329 1400 et
2354 1353 2460 1400 suis

1437 1427 1696 1496 discipulis
1709 1465 1726 1491 ‚
1748 1432 1900 1497 inquit
1915 1469 1927 1490 ‚
1956 1431 2050 1481 loc.
2070 1434 2148 1480 cit.
2168 1471 2181 1493 ‚
2200 1431 2323 1482 daus
2343 1450 2459 1481 cou-

1436 1512 1604 1562 silium
1627 1551 1642 1577 ,
1661 1515 1918 1580 primitias
1944 1508 2052 1563 Dec
2081 1516 2248 1582 offerre
2274 1531 2334 1564 esc
2355 1516 2460 1563 suis

1435 1597 1672 1644 creaturis
1697 1632 1714 1657 ,
1783 1612 1883 1644 nou
1945 1598 2089 1662 quasi
2163 1597 2411 1662 iudiqeuti
2443 1635 2457 1658 ‚

1436 1677 1521 1726 sed
1564 1687 1621 1726 ut
1657 1679 1759 1743 ipsi
1789 1694 1876 1727 nec
1904 1679 2206 1744 *infructuosi
2248 1695 2336 1727 nec
2375 1680 2459 1728 in-

1435 1761 1566 1825 qrati
1597 1761 1700 1808 siut
1714 1795 1731 1822 ,
1755 1777 1868 1808 eum
1886 1797 1899 1821 ‚
1920 1762 2009 1826 qui
2035 1778 2096 1809 ex
2114 1769 2338 1810 creatura
2357 1777 2456 1827 pa-

1435 1844 1518 1891 nis
1530 1851 1602 1891 est
1618 1881 1631 1901 ,
1651 1845 1837 1909 accepit
1852 1851 1897 1891 et
1905 1846 2094 1908 qratias
2107 1845 2203 1909 eqit
2213 1880 2230 1905 ,
2256 1843 2454 1892 diceust

1437 1924 1545 1974 Hoc
1574 1934 1644 1973 est
1672 1942 1833 1972 meum
1850 1942 2041 1990 corpus.
2071 1925 2146 1973 Et
2164 1925 2360 1974 calicem
2386 1927 2458 1972 si-

1435 2006 1648 2068 militer,
1680 2008 1770 2071 qui
1800 2014 1870 2054 est
1892 2023 1952 2054 ex
1986 2023 2043 2054 ea
2072 2014 2296 2054 creatura
2314 2045 2327 2068 ‚
2351 2024 2457 2071 quoe

1434 2096 1505 2135 est
1533 2087 1796 2136 secundum
1825 2104 1941 2149 nos,
1987 2105 2131 2136 suum
2165 2090 2457 2153 sanquinem

1434 2170 1677 2235 consessus
1701 2179 1802 2229 est,
1829 2179 1874 2218 et
1906 2170 1977 2219 N.
2011 2171 2074 2220 T.
2094 2187 2269 2219 novam
2296 2170 2458 2220 docuit

1435 2251 1722 2300 oblationem
1738 2273 1757 2310 ;
1776 2269 1922 2317 quam
1955 2251 2180 2300 Ecclesia
2208 2253 2269 2301 ab
2297 2252 2459 2319 Apos-

1437 2335 1545 2382 tolis
1587 2337 1863 2401 accipiens,
1908 2336 1963 2383 iu
2011 2336 2236 2385 universo
2276 2336 2458 2385 mundo

1436 2418 1571 2483 offert
1611 2415 1753 2478 Deo,
1800 2418 1879 2476 ei,
1918 2419 2007 2482 qui
2046 2416 2280 2465 alimenta
2318 2418 2459 2466 nobis

1428 2506 1635 2565 praestat
1649 2534 1667 2559 ,
1684 2499 1941 2565 primitias
1973 2515 2171 2546 suorum
2199 2515 2458 2547 munerum

1437 2582 1495 2629 iu
1523 2580 1591 2629 N.
1629 2580 1696 2630 T.
1717 2617 1733 2642 ‚
1769 2581 1826 2628 de
1853 2597 1943 2645 quo
1971 2581 2029 2627 iu
2056 2579 2308 2628 duodecim
2338 2598 2457 2647 pro-

1429 2661 1591 2728 phetis
1619 2661 1906 2712 Malachias
1922 2663 1994 2709 sic
2006 2662 2414 2727 proesiqnificacit
2439 2680 2453 2711 ε

1437 2744 1555 2793 Nou
1578 2753 1647 2792 est
1668 2743 1796 2792 mihi
1818 2743 2040 2793 voluutas
2077 2746 2136 2792 in
2163 2744 2298 2792 vobis
2315 2779 2331 2805 ,
2364 2753 2454 2794 etc.

1438 2826 1851 2891 Manifestissime
1884 2827 2168 2892 siquificans
2192 2844 2287 2892 per
2318 2826 2420 2875 hoec
2441 2864 2455 2887 ‚

1436 2911 1668 2975 quoniam
1686 2911 1829 2976 prio-r
1852 2908 2047 2974 quidem
2063 2908 2279 2976 populus
2297 2924 2458 2957 cessa-

1436 2992 1510 3039 bit
1531 2992 1699 3058 offerre
1715 2990 1845 3053 Deo,
1871 2994 2008 3040 omui
2035 3000 2197 3040 autem
2217 2991 2314 3040 loco
2328 2992 2459 3058 offer·

1436 3083 1516 3122 tur
1530 3075 1594 3134 ei,
1610 3082 1655 3121 et
1666 3072 1944 3140 hocpurum
1959 3090 1981 3134 ,-
1996 3089 2168 3121 momen
2184 3081 2344 3121 autem
2356 3074 2460 3139 ejus

1433 3153 1735 3220 ylarificatur
1747 3157 1802 3203 in
1815 3154 2054 3220 qentibus.
2071 3153 2456 3214 Cfr.Massuetus‚

1437 3237 1665 3298 Diss.111‚
1705 3247 1796 3287 art.
1839 3253 1902 3302 7,
1927 3235 1953 3302 S
1983 3234 2078 3300 803
2130 3245 2229 3284 tum
2275 3236 2354 3284 Fr.
2396 3235 2455 3283 L.

1435 3319 1628 3368 Comitis
1663 3337 1723 3370 zu
1770 3318 2009 3383 Stolberg,
2053 3316 2338 3368 Geschichte
2371 3317 2462 3366 der

1433 3401 1659 3468 Reliyiou
1669 3399 1710 3450 J
1706 3418 1806 3463 esu,
1823 3418 1904 3450 seu
1914 3400 2141 3449 Historia
2153 3399 2354 3467 Relqu
2351 3417 2454 3462 esu,

1433 3495 1549 3551 part.
1578 3501 1654 3546 lv,
1682 3501 1786 3548 pag.
1815 3480 1907 3531 166
1925 3493 1968 3532 et
1983 3501 2113 3550 seqq.
2143 3484 2258 3532 edit.
2280 3482 2456 3532 Hamb.

1432 3585 1616 3616 necnon
1670 3561 1788 3615 Petr.
1822 3564 1891 3614 De
1927 3564 1961 3612 F
1965 3568 2139 3631 igueiro
2185 3575 2231 3614 et
2284 3564 2457 3613 Christ.

1424 3649 1638 3700 Castrum
1658 3687 1672 3711 ‚
1697 3651 1748 3698 in
1784 3648 2022 3698 huncloc.
2059 3648 2316 3698 Malachiae.
