2534 4088
2142 208 2222 266 25

383 239 541 282 PART·
586 242 608 276 1
651 239 775 277 CAP.
822 237 866 274 1.
914 237 982 273 DE
1026 234 1232 274 MESSIAE
1275 233 1496 272 PROMIS.
1544 233 1611 269 ΕΤ
1655 231 1880 269 EXPECT-

120 382 508 445 conditionem
551 379 807 461 positum
844 377 957 456 (l).
1006 377 1189 455 Hujus
1231 375 1509 435 doctrinae
1552 395 1617 433 ac
1665 370 1994 432 traditionis
2042 371 2225 430 vesti-

121 479 280 558 gium
310 484 552 559 apparet
581 475 752 533 Joan.
801 473 902 531 VII
924 516 940 546 ,
975 471 1052 529 27
1092 493 1106 528 t
1135 470 1326 530 Hunc
1352 474 1576 529 scimus
1601 468 1760 527 unde
1793 460 1875 525 sit
1894 490 1920 539 ,-
1951 464 2227 525 Christus

121 583 324 631 autem
360 590 500 630 oum
526 571 790 643 venerit,
828 588 997 626 nemo
1030 571 1173 639 scit,
1205 566 1366 624 unde
1399 569 1497 624 sit.
1526 563 1785 645 Imponit
1816 562 1993 641 igitur
2021 559 2225 622 Salva-

124 667 233 726 dor
261 663 568 725 lectoribus
596 663 750 738 suiS,
785 661 926 721 dum
967 660 1245 737 adstruit,
1280 664 1448 738 juxta
1486 657 1810 717 doctrinam
1846 655 2227 716 Hebraeorum

124 761 391 820 Messiam
421 759 663 816 minime
690 755 1068 838 praetergredi
1099 764 1322 813 naturae
1360 752 1593 811 limites,

206 854 304 913 42.
351 852 439 913 Ad
462 852 570 928 4¹1¹,
599 852 751 932 Ney.
783 851 900 911 Sed
926 872 998 911 ex
1023 847 1289 908 unanimi
1315 857 1579 908 veterum
1606 847 1725 905 imo
1750 858 1808 906 et
1835 847 2229 906 recentiorum

126 951 302 1010 etiam
325 950 360 1008 J
365 946 662 1007 udaeorum
680 944 972 1007 sententia
996 941 1249 1002 Balaami
1277 940 1618 1000 vaticinium
1633 962 1741 1022 pro
1760 939 1984 1018 objecto
2010 940 2191 1001 habet
2209 987 2226 1015 ,

125 1064 467 1125 supremum
499 1041 665 1100 illum
701 1059 897 1118 regem
935 1047 1293 1110 venturum,
1336 1036 1606 1095 Messiam
1643 1057 1892 1116 nempe,
1925 1039 2085 1113 cujus
2119 1035 2228 1095 ad-

125 1149 337 1199 ventus
383 1137 535 1195 fama
562 1139 687 1212 jam
734 1130 872 1191 inde
909 1154 943 1190 a
993 1131 1395 1191 remotissimis
1430 1130 1635 1191 seculis
1689 1131 1994 1190 Orientem
2038 1141 2231 1190 totum

127 1216 459 1316 pervaserat
486 1274 503 1304 .,
559 1228 659 1309 qui
701 1226 947 1309 populos
1000 1227 1074 1285 sit
1124 1224 1518 1285 debellaturus
1552 1272 1568 1301 ,
1618 1238 1711 1300 et,
1755 1247 1871 1308 quo
1905 1235 2188 1305 regnante
2212 1271 2228 1300 ,

125 1325 393 1387 maximae
440 1344 638 1382 rerum
683 1322 1089 1384 conversiones
1138 1331 1333 1380 essent
1385 1332 1682 1382 eventurae
1725 1322 1834 1402 (2).
1896 1321 1979 1379 Ex
2021 1340 2233 1400 genere

123 1441 298 1502 porro
349 1438 644 1476 armorum
696 1421 818 1496 ejus
862 1414 1357 1498 deprehenditur,
1398 1437 1513 1497 qua
1568 1417 1793 1475 ratione
1841 1436 2039 1474 omnes
2077 1415 2234 1493 filios

127 1515 263 1575 Seth
291 1559 308 1590 ,
333 1535 434 1574 seu
460 1523 527 1572 ut
558 1512 738 1573 habet
762 1511 1014 1572 Onkelos
1036 1557 1052 1589 ,
1085 1533 1286 1571 omnes
1320 1512 1589 1571 homines
1610 1555 1634 1583 ,
1663 1512 1738 1571 sit
1770 1512 2007 1571 Messias
2038 1520 2231 1572 vasta-

196 1731 268 1800 (l)
306 1734 430 1783 Ibid.
458 1734 549 1784 loc.
578 1735 654 1785 cit.
687 1752 788 1800 pag.
810 1732 908 1784 238
936 1744 981 1784 et
1005 1750 1136 1801 seqq.

67 1827 71 1834 ’
129 1816 298 1883 quibus
326 1827 479 1882 patet,
516 1834 570 1865 ex
609 1819 923 1884 antiquiorum
954 1816 1136 1865 Judaeo·

128 1915 232 1947 rum
259 1899 465 1948 doctrina
483 1936 498 1959 ‚
530 1916 676 1966 eaque
712 1901 981 1957 communi,
1011 1898 1140 1947 hunc

129 1979 359 2030 Metatron
407 1999 503 2030 non
552 1999 656 2030 raro
704 1982 979 2030 identificari
1031 1998 1170 2029 cum-

133 2059 420 2122 Schechina,
458 2063 742 2115 habitatione
774 2080 940 2127 nempe
970 2061 1056 2110 Dei
1090 2065 1141 2110 iu

133 2143 312 2192 mundo
331 2181 345 2204 ,
379 2144 650 2193 identificari
683 2162 792 2193 cum
824 2144 924 2193 Deo
953 2146 1052 2210 ipso
1072 2179 1087 2203 ,
1113 2162 1140 2192 a

137 2241 230 2288 quo
257 2234 408 2274 tamen
438 2225 761 2292 distinguitur,
782 2244 986 2291 ,persona
1017 2226 1140 2274 scili-

137 2315 239 2368 cet;
268 2322 364 2352 non
396 2322 489 2354 esse
523 2305 752 2355 Metatron
791 2317 1025 2367 creatum,
1062 2307 1141 2356 sed

137 2394 438 2448 emanatum;
473 2396 660 2435 vocatur
691 2387 922 2436 Metatron
954 2406 1142 2437 emana-

136 2468 276 2514 tionis
303 2477 346 2515 et
376 2470 644 2528 creationis,
669 2470 750 2534 qui
768 2471 976 2533 apparuit
991 2469 1143 2535 Moysi

137 2548 188 2595 in
213 2548 363 2611 rubo3
398 2565 505 2596 cum
534 2566 716 2597 summo
746 2548 844 2598 Deo
872 2552 1046 2599 unitate
1072 2567 1144 2599 es-

138 2631 291 2678 sentias
323 2632 599 2696 conjunctus
630 2617 934 2694 perhibetur,
962 2641 1013 2679 ut
1047 2631 1144 2679 Do-

138 2713 294 2760 minus
333 2714 430 2777 ipse
468 2723 512 2761 et
553 2713 726 2778 legatus
767 2712 890 2773 Dei,
933 2714 1144 2778 princeps

139 2793 336 2854 mundi,
374 2805 418 2843 et
458 2794 648 2843 visibilis
688 2795 1005 2843 manifestator
1038 2794 1143 2844 Dei.

141 2873 334 2940 Aliaque
358 2876 583 2941 ejusmodi
602 2893 660 2924 ex
681 2875 969 2935 Thalmude,
991 2893 1044 2924 ex
1062 2876 1145 2924 lib.

141 2953 288 3003 Sohar
314 2967 358 3004 et
386 2955 706 3006 Rabbinorum
737 2958 992 3005 innumeris
1020 2960 1147 3005 testi-

142 3039 309 3085 moniis
339 3039 550 3087 ostendit.
587 3038 697 3086 Haec
738 3041 835 3103 ipsa
870 3039 1149 3087 documenta

141 3130 305 3183 praeter
320 3119 630 3184 Sommerum,
641 3119 970 3181 Glaesenerum,
983 3120 1149 3186 Raym.

144 3201 329 3250 Martini
356 3202 539 3251 exhibet
564 3202 911 3268 Schoettgenius
928 3239 940 3262 ,
965 3219 1036 3267 op.
1068 3205 1148 3251 cit.

146 3292 261 3334 tom.
291 3300 358 3343 11,
387 3283 468 3332 De
499 3285 722 3347 Mes-sia,
753 3284 836 3332 lib.
858 3300 912 3332 111
932 3284 1086 3343 ,·thesi
1115 3301 1152 3332 11

149 3372 196 3411 et
219 3382 371 3431 seqq.;
400 3366 511 3414 adeo
537 3376 590 3414 ut
617 3368 787 3414 mirum
818 3368 904 3424 sit,
936 3365 1152 3414 incredu-

150 3442 248 3496 lum
264 3443 478 3496 Judaeum
498 3446 717 3496 Salvador
738 3450 939 3512 potuisse
961 3447 1155 3496 firmiter

150 3525 263 3573 adeo
295 3543 520 3589 asserere,
554 3547 608 3577 ex
640 3528 910 3578 Judaeorum
942 3530 1153 3578 doctrina

150 3622 247 3653 non
278 3606 486 3657 debuisse
523 3609 738 3660 Messiam
776 3620 951 3660 naturae
987 3611 1155 3661 limites

149 3689 458 3753 praetergredi.
478 3688 575 3754 Qua
596 3694 842 3742 assertione
854 3703 1007 3758 aperte
1022 3710 1067 3742 se
1085 3692 1157 3741 vel

1217 1734 1505 1799 ignorantem
1533 1734 1605 1784 vel
1635 1733 1905 1783 mendacem
1923 1731 2095 1798 prodit.

1287 1815 1359 1882 (2)
1396 1816 1494 1866 Cfr.
1540 1817 1599 1865 de
1639 1816 1731 1864 hoc
1771 1816 1988 1865 vaticinio
2019 1851 2033 1874 ‚
2074 1822 2235 1879 praeter

1219 1900 1493 1963 prooemium
1519 1898 1590 1947 De
1606 1897 1773 1946 Voisin
1787 1899 1837 1945 in
1854 1896 1989 1960 Puq.
2008 1894 2100 1959 fid.
2118 1895 2232 1943 edit.

1221 1982 1301 2028 cit.
1329 1998 1430 2045 pag.
1467 1977 1526 2027 81
1551 1996 1572 2039 ,·
1611 1978 1827 2027 Discere.
1864 1975 2128 2025 Willemeri
2156 1974 2237 2023 De

1220 2059 1353 2108 stella
1382 2077 1441 2108 ea·
1454 2059 1606 2108 Jacob
1625 2059 1839 2108 oriunda
1852 2096 1865 2116 ‚
1882 2061 1933 2107 in
1948 2058 2094 2106 Num.
2112 2074 2237 2116 xxxv,

1231 2159 1286 2208 17
1306 2180 1319 2202 ,
1354 2160 1454 2208 quac
1483 2145 1707 2207 reperitur
1733 2144 1785 2189 in
1823 2140 2074 2189 Thesauro
2093 2137 2236 2187 theol.

1214 2223 1449 2290 philoloy.
1505 2227 1586 2276 cit.
1633 2223 1880 2289 Perperam
1928 2221 1999 2271 De
2037 2219 2193 2269 Wette
2222 2257 2236 2280 ‚

1225 2304 1395 2354 Kritik
1415 2306 1499 2354 der
1512 2304 1552 2353 I
1547 2293 1738 2356 sraelit.
1754 2303 1928 2353 Gesch.
1947 2322 2028 2353 seu
2050 2301 2239 2350 Critica

1223 2386 1438 2435 historice
1454 2384 1748 2435 Israeliticoe
1764 2423 1779 2447 ,
1804 2404 1909 2452 pag.
1931 2383 2028 2434 363
2047 2393 2092 2433 et
2107 2401 2237 2449 seqq.

1225 2468 1342 2516 illud
1369 2469 1622 2516 confictum
1646 2471 1697 2516 in
1722 2470 1914 2533 gratiam
1933 2466 2239 2515 Hebraeorum

1226 2559 1457 2604 autumat,
1479 2559 1526 2596 et
1540 2549 1679 2596 Bleck
1693 2551 1744 2595 in
1762 2547 1890 2595 Dem
1912 2546 2028 2594 bibl.
2049 2554 2228 2609 exeqet.

1224 2638 1449 2694 repertor.
1470 2647 1551 2677 seu
1577 2632 1627 2677 in
1646 2629 1918 2694 Repertorio
1940 2626 2111 2676 biblico
2130 2643 2239 2675 eate-

1224 2713 1375 2775 9etico
1396 2747 1409 2769 ,
1439 2719 1540 2774 post
1566 2709 1817 2759 debellatos
1837 2729 1863 2758 a
1886 2709 2027 2758 Saulo
2048 2708 2240 2758 Ammo·-

1227 2795 1377 2852 nitas,
1417 2791 1600 2840 Zabaeos
1638 2801 1684 2841 et
1719 2791 1999 2841 Philisthaeos
2034 2802 2242 2840 assutum

1230 2883 1399 2922 censet.
1426 2871 1523 2922 Nec
1549 2873 1891 2923 Rosenmiilleri
1918 2883 2111 2922 conatus
2141 2873 2243 2922 effi-

1231 2958 1354 3003 cient
1378 2993 1392 3015 ,
1433 2964 1583 3004 totum
1631 2956 1720 3004 hoc
1768 2955 2004 3003 oraculum
2048 2953 2244 3021 Bileami

1231 3038 1535 3102 imposturam
1563 3047 1607 3086 et
1624 3038 1859 3086 fictionem
1880 3054 1996 3084 esse.
2012 3034 2112 3086 Cfr.
2130 3030 2245 3085 Bar*—

1231 3119 1414 3168 toloccii
1470 3117 1768 3167 Bibliotheca
1834 3134 2016 3184 maqna
2081 3118 2246 3167 rabbi-

1231 3202 1346 3249 m‘ca
1363 3237 1377 3264 ,
1421 3199 1580 3250 Romae
1602 3238 1616 3262 ‚
1668 3199 1793 3267 1675
1815 3238 1828 3260 ‚
1871 3210 1994 3266 part.
2036 3217 2053 3248 1
2079 3238 2093 3261 ,
2137 3217 2244 3265 pag.

1233 3280 1334 3333 655
1358 3292 1404 3331 et
1420 3282 1803 3348 seqq.Cfr.etiam
1816 3282 1844 3330 J
1847 3282 1995 3331 oan.F
1998 3282 2248 3345 rid.Miegii

1233 3364 1424 3414 Dissert.
1442 3363 1523 3412 De
1541 3364 1678 3413 stella
1695 3373 1739 3412 et
1754 3371 1937 3430 sceptro
1954 3363 2246 3423 Bileamico,

1234 3448 1286 3494 in
1332 3446 1468 3495 Novo
1518 3445 1737 3495 thesauro
1789 3445 1982 3495 dissert.
2031 3443 2249 3508 Lugduni

1235 3529 1395 3578 Batav.
1440 3529 1598 3595 1732,
1640 3529 1725 3578 fol.
1763 3517 1884 3578 tom.
1916 3545 1932 3575 1
1956 3564 1969 3588 ,
2003 3543 2108 3592 pag.
2146 3521 2248 3590 423

1238 3621 1281 3661 et
1305 3628 1438 3677 seqq.
