2534 4088
2107 252 2182 312 53

321 280 479 316 PART.
510 279 692 316 1.CA1‘.
741 278 802 314 11.
850 278 917 313 1>ss
961 276 1118 313 EPOC.
1166 278 1231 313 ET
1276 277 1454 313 OFFIC.
1503 276 1671 313 PROM.
1702 274 1932 311 MESSIAE.

78 420 188 481 alia
222 420 296 480 de
321 441 487 480 causa
521 423 688 497 juxta
717 416 1011 477 Rabbinos
1041 415 1370 498 prohibitus
1402 415 1514 474 fuit
1556 413 1854 474 Jonathan
1884 413 2004 474 ben
2029 413 2194 475 Uziel

79 514 317 593 vulgare
339 535 503 573 suam
528 512 930 594 paraphrasim
960 513 1023 569 in
1051 513 1414 583 Cheduvim.7
1456 511 1578 571 sive
1604 509 2034 591 Hagiographos
2054 555 2070 584 7
2095 510 2190 567 in-

79 621 172 668 ter
195 630 336 690 quos
372 618 706 667 recensetur
738 605 944 665 Daniel
970 651 986 679 7
1018 627 1192 687 quam
1231 614 1474 686 propter
1505 605 1870 685 perspicuam
1908 603 2192 663 determi-

80 703 379 762 nationem
416 701 652 781 epochae
684 701 900 760 Messiae
919 746 934 775 7
964 711 1140 781 prout
1176 695 1592 757 animadvertit
1617 699 1780 756 Rasci
1803 698 1909 776 (1).
1942 699 2196 757 Rursum

81 796 313 856 Messias
341 800 506 873 juxta
549 794 784 855 eosdem
812 840 828 869 7
851 796 916 853 in
958 796 1221 853 Berescit
1258 792 1492 864 rabba7
1523 790 1591 848 in
1632 812 1760 872 cap.
1807 792 1936 850 XIV
1979 794 2189 852 GeneS.

78 912 212 972 pag.
242 889 363 948 264
385 935 400 963 7
427 889 602 949 debet
638 890 925 948 adducere
945 890 1267 965 justitiam
1311 886 1649 944 seculorum
1674 928 1691 958 7
1737 886 1998 965 quinimo
2041 888 2198 968 ipse-
2246 924 2247 927 =

81 994 205 1043 met
259 984 492 1042 Messias
537 994 625 1043 est
667 983 890 1061 justitia
930 981 1285 1061 sempiterna
1319 990 1379 1038 et
1420 980 1665 1038 Sanctus
1708 979 2086 1056 Sanctorum7
2134 990 2202 1040 ut

81 1080 296 1138 fatetur
354 1076 779 1138 Nachmanides
810 1121 826 1150 7
898 1076 1084 1133 Moses
1140 1074 1492 1133 Geronensis
1552 1094 1618 1132 ac
1677 1075 1864 1132 Moses
1931 1076 2202 1136 Haddar·

83 1173 262 1232 schan
288 1173 376 1254 (2)
397 1217 412 1246 7
440 1173 558 1231 imo
589 1173 658 1229 R.
690 1168 1020 1229 Mordachai
1049 1169 1111 1226 in
1153 1191 1257 1227 suo
1291 1171 1535 1228 Scemen
1559 1169 1850 1229 Amisoha
1879 1169 2100 1245 Astara
2138 1174 2199 1246 Ι,

82 1267 184 1326 fol.
220 1268 331 1339 127
361 1265 575 1324 fatetur
601 1264 868 1323 Messiam
895 1262 1069 1322 illum
1107 1283 1266 1337 esse7
1301 1262 1376 1321 ad
1415 1267 1577 1341 cujus
1619 1261 1942 1323 adventum
1979 1263 2200 1346 perdu-

84 1371 224 1420 cunt
248 1360 396 1419 LXX
421 1357 673 1417 Danielis
708 1356 1094 1417 hebdomadae
1133 1356 1241 1438 (3).
1280 1358 1413 1419 Sive
1440 1358 1615 1438 igitur
1639 1358 1854 1417 veteris
1894 1380 2195 1440 synagogae

82 1474 312 1512 sensum
340 1498 355 1526 7
400 1453 523 1512 sive
560 1452 987 1533 praecipuorum
1027 1451 1404 1533 antiquorum
1433 1450 1838 1511 Rabbinorum
1875 1455 2193 1514 confessio-

80 1568 218 1607 nem
280 1539 606 1628 spectemus
647 1591 663 1620 7
727 1557 953 1606 constat
1022 1546 1277 1606 Danielis
1341 1546 1712 1630 prophetiam
1774 1546 1850 1606 ad
1920 1549 2190 1608 Messiam

81 1652 358 1723 spectare.

168 1737 272 1794 91.
318 1736 487 1810 Quod
527 1747 725 1796 autem
754 1736 1008 1797 secundo
1034 1736 1160 1796 loco
1190 1737 1490 1818 posuimus
1518 1782 1534 1812 7
1566 1737 1629 1794 in
1660 1758 1728 1798 eo
1760 1737 1975 1798 scilicet
2000 1739 2206 1800 vatici·-

80 1830 178 1888 nio
205 1829 658 1890 determinatam
686 1851 811 1891 esse
829 1831 1051 1891 Messiae
1073 1830 1359 1914 epocham
1377 1876 1394 1906 7
1422 1831 1711 1892 evincitur
1743 1832 1805 1890 1Ο
1825 1853 1897 1891 ex
1917 1831 2199 1892 relatione

81 1923 290 1983 harum
323 1926 472 1985 LXX
513 1924 1019 1985 hebdomadarum
1056 1945 1190 1984 cum
1234 1926 1381 1984 LXX
1416 1926 1585 1985 annis
1608 1954 1637 2000 72
1663 1924 1873 2008 quibus
1915 1926 2198 1986 Jeremias

83 2019 479 2099 captivitatem
512 2018 919 2101 babylonicam
945 2019 1370 2102 praenunciavit
1389 2065 1405 2094 7
1437 2031 1504 2078 ut
1532 2031 1760 2080 constat
1791 2042 1862 2080 ex
1889 2021 2017 2103 ipso
2056 2042 2199 2080 con-

85 2122 284 2188 textu,
337 2116 488 2173 Dan.
529 2115 607 2173 IX
634 2159 651 2190 7
693 2114 755 2173 2.
803 2115 939 2174 Jam
973 2135 1113 2177 vero
1141 2135 1318 2174 nemo
1355 2113 1545 2189 dicet,
1587 2116 1905 2175 Jeremiam
1940 2116 2200 2197 posuisse

88 2227 270 2265 annos
309 2209 459 2268 LXX
503 2231 610 2290 pro
647 2219 912 2292 tempore
947 2210 1406 2271 indeterminato
1441 2235 1456 2283 3
1505 2210 1710 2269 eadem
1758 2211 1932 2290 igitur
1970 2210 2199 2269 ratione

88 2310 279 2380 patet7
305 2301 605 2362 Danielem
625 2325 746 2363 non
774 2305 1028 2385 potuisse
1059 2305 1210 2363 LXX
1234 2326 1526 2364 annorum
1555 2304 1954 2364 hebdomadas
1977 2325 2198 2387 ponere

89 2499 186 2555 τούς
217 2499 452 2553 ἐπέδοσαν.
483 2503 793 2571 Effecertmt‚
819 2513 877 2553 ut
891 2505 1099 2571 prophe-

85 2585 155 2631 tia
169 2619 184 2647 ‚
206 2601 311 2649 quae
328 2585 556 2633 adversus
560 2588 780 2651 patriam
802 2587 966 2651 fuerat
987 2603 1100 2634 con·

85 2673 246 2730 cepta,
274 2669 454 2714 exitum
483 2668 675 2732 (suum)
699 2669 966 2716 sortiretur.
999 2667 1054 2715 V
1051 2686 1100 2716 e·

85 2754 161 2794 tus
189 2748 321 2794 enim
338 2749 550 2796 virorum
569 2765 721 2797 sermo
749 2749 948 2814 quidam
968 2754 1097 2811 erat7

87 2833 188 2873 tum
204 2828 367 2876 urbem
380 2837 575 2895 captum
590 2831 661 2878 iri
678 2868 690 2890 ,
710 2839 754 2878 et
771 2831 922 2895 (loca)
936 2838 1102 2879 sancta

87 2908 444 2972 conflaqratura
462 2912 582 2976 jure
615 2910 761 2971 belli,
802 2912 892 2960 ubi
933 2911 1102 2960 seditio

86 2988 323 3036 invaserit
341 3027 354 3050 7
384 2999 429 3038 et
446 2991 788 3057 indiqenarum
810 3009 985 3040 'nanus
996 2991 1102 3058 pol-

89 3066 272 3117 luerint
296 3081 537 3120 sacratum
567 3075 675 3121 Deo
704 3072 878 3123 locum.
912 3071 1103 3137 Quibus

89 3149 198 3198 licet
222 3151 368 3215 fidem
409 3170 508 3202 non
547 3154 846 3203 detraherent
883 3153 1064 3204 Zelotoe
1085 3192 1100 3216 ‚

89 3232 190 3295 ipsi
220 3241 379 3282 tamen
404 3251 451 3282 se
471 3252 639 3283 earum
665 3254 826 3284 rerum
854 3238 1104 3286 ministros

85 3311 409 3375 proebueruut.
447 3315 519 3365 Ad
550 3335 689 3383 quem
722 3318 878 3366 locum
916 3318 1104 3367 Hudso-

95 3408 212 3451 nna,
253 3400 563 3446 consentiente
607 3398 816 3447 Relando
842 3435 857 3462 7
899 3400 1064 3449 fatetur
1089 3437 1102 3460 ‚

95 3470 284 3522 παλαιδν
318 3476 450 3525 illum
481 3476 613 3537 λέγων
638 3477 797 3547 ᾀνδᾊὸν
831 3498 926 3529 esse
962 3481 1107 3529 tradi-

94 3554 311 3602 tionalem
345 3559 592 3621 quamdam
625 3561 959 3626 expositionem
988 3564 1108 3610 vati-

96 3635 206 3681 cinii
237 3633 444 3685 Danielis
475 3653 554 3699 1x7
582 3639 667 3690 26.

163 3715 234 3778 (1)
270 3714 414 3764 Seder
424 3717 580 3768 bolam
594 3723 642 3770 in
654 3720 694 3768 J
692 3720 851 3771 alckut
864 3719 904 3771 S
906 3725 1107 3786 imeoni,

1180 2523 1247 2567 11,
1277 2508 1364 2556 fol.
1397 2525 1493 2574 79,
1526 2507 1560 2571 4
1588 2526 1603 2556 ;
1637 2508 1701 2558 R.
1739 2507 1853 2556 Jose
1887 2508 2017 2556 dia-it
2039 2525 2053 2556 :
2076 2506 2202 2574 Sep-

1179 2589 1406 2651 tuaqinta
1435 2587 1746 2637 hebdomades
1769 2597 1883 2654 post
1915 2588 2202 2638 devastatio-

1179 2685 1289 2716 nem
1316 2668 1483 2735 templi
1505 2671 1667 2735 primi
1705 2669 2014 2718 intercedunt
2055 2688 2205 2735 usque

1180 2750 1244 2797 ad
1263 2750 1636 2799 devastationem
1651 2751 1815 2817 templi
1829 2752 2046 2800 secundi.
2070 2750 2199 2817 Meq-

1179 2829 1360 2890 hillah,
1386 2832 1467 2880 fol.
1503 2832 1532 2880 3
1554 2870 1567 2893 7
1607 2850 1623 2881 1
1659 2849 1671 2881 ε
1708 2830 1873 2896 Quare
1896 2833 2202 2899 prohibitum

1174 2912 1277 2977 fuit
1292 2911 1516 2961 Jonathae
1528 2912 1632 2978 filio
1663 2913 1811 2963 Uziel
1825 2914 1958 2962 edere
1984 2914 2202 2979 Tarqum

1179 2996 1237 3042 in
1265 2994 1664 3062 Haqioyraphaf'
1689 2995 1830 3061 Resp.
1868 3013 1881 3044 ε
1918 2993 2053 3059 Quia
2076 2997 2132 3043 in
2153 3013 2205 3044 eo

1179 3078 1452 3143 continetur
1468 3084 1583 3124 term
1592 3078 1704 3124 inus
1719 3077 1952 3124 adventus
1973 3077 2198 3125 Messiae.

1180 3157 1316 3206 Rasci
1337 3158 1455 3207 ibid.
1489 3176 1502 3206 ε
1543 3158 1807 3205 Terminus
1837 3158 2035 3205 Messioe
2055 3156 2197 3205 habe·

1182 3246 1264 3287 tur
1291 3240 1347 3287 in
1375 3238 1497 3287 libro
1531 3237 1785 3288 Danielis.
1828 3238 2027 3305 Reliqua
2066 3241 2197 3289 testi-

1184 3322 1340 3369 monia
1359 3321 1446 3369 csr.
1480 3320 1604 3385 apud
1630 3320 2007 3385 Schoettgenium
2024 3356 2038 3380 ‚
2059 3337 2137 3386 op.
2154 3330 2201 3369 et

1184 3401 1276 3451 loc.
1303 3404 1384 3451 cit.
1414 3419 1519 3467 pag.
1552 3398 1651 3464 264
1678 3412 1722 3450 et
1751 3419 1849 3467 seq.
1906 3442 1909 3444 Α

1257 3484 1327 3547 (2)
1364 3482 1566 3531 Ibidem.

1255 3562 1324 3627 (3)
1362 3563 1498 3628 Apud
1525 3561 1733 3623 Derossi7
1769 3580 1847 3628 op.
1878 3563 1958 3610 cit.
1986 3579 2085 3628 pag.
2109 3561 2196 3629 98,

1188 3644 1271 3693 ubi
1300 3645 1389 3693 cfr.
1422 3653 1573 3693 textus
1611 3644 1672 3693 R.
1712 3643 1974 3704 Mauasses,
2018 3660 2075 3693 ex
2110 3644 2199 3693 lib.

1192 3725 1270 3774 De
1301 3727 1505 3774 termino
1530 3727 1673 3787 vitoe,
1703 3743 1806 3790 pag.
1843 3722 1956 3789 175.
