2534 4088
327 174 405 233 74
984 199 1179 238 macr.
1223 203 1292 239 nn
1334 206 1772 248 nicanum-lona.

321 337 763 418 interrogationi
785 339 1053 418 negativa
1079 340 1278 403 subest
1311 350 1623 411 sententia.
1658 352 1883 415 Deinde
1913 355 2147 437 subjicit
2168 382 2404 426 causam
2428 413 2445 442 .,

322 433 609 494 exhibens
646 433 862 493 scilicet
889 436 927 494 J
932 434 1128 496 udaeos
1145 483 1161 514 ,
1188 450 1247 499 et
1272 442 1335 500 in
1362 443 1570 524 primis
1596 448 1924 512 sacerdotes
1946 464 2006 512 et
2030 453 2235 516 levitas
2260 463 2449 541 parti-

318 530 477 612 cipes
510 528 772 608 ejusdem
806 528 1139 613 blaphemae
1174 537 1425 618 querelae
1460 584 1476 615 ‚
1523 552 1590 601 ut
1636 564 1891 607 massam
1930 551 2055 620 auri
2106 563 2165 611 et
2217 557 2444 635 argenti

317 625 505 685 multa
533 626 714 684 scoria
750 627 996 688 mixtam
1015 675 1031 705 .,
1073 642 1133 690 et
1162 643 1228 691 ut
1257 655 1486 714 pannos
1526 637 1621 698 vel
1645 650 1836 701 vestes
1873 644 2141 706 sordibus
2167 648 2444 727 infectaS,

316 743 449 803 quae
481 720 803 803 purgandae
824 736 983 783 sunt.
1013 728 1191 787 Porro
1215 730 1724 811 quemadmodum
1751 738 2095 802 conflatores
2124 744 2445 807 vehemen-

315 817 541 877 tissimo
573 818 707 899 igne
734 820 981 882 scoriam
1004 822 1079 883 ab
1116 846 1257 885 auro
1293 837 1351 886 et
1392 841 1634 908 argento
1665 876 1681 906 ,
1721 843 1782 891 et
1813 831 2062 896 fullones
2107 838 2291 901 herba
2320 844 2445 902 sal-

314 918 601 995 suyz'nosa
630 915 832 977 sordes
851 939 882 977 a
904 918 1162 980 vestibus
1187 936 1464 1005 separant
1481 970 1496 999 ,
1524 926 1602 985 ita
1629 927 1864 988 Messias
1888 943 2193 1012 venturus,
2218 936 2442 999 acerbis

312 1010 613 1092 suppliciis
632 1023 692 1071 et
706 1012 1135 1075 calamitatibus
1161 1018 1435 1078 immissis
1455 1067 1471 1096 7
1491 1021 1791 1103 improbos
1812 1023 2148 1105 hujusmodi
2165 1032 2441 1112 querulos

309 1116 372 1165 et
393 1104 771 1188 blasphemos
790 1154 806 1184 ,
833 1111 1106 1171 Messiam
1127 1113 1411 1174 victorem
1441 1116 1843 1179 desiderantes
1862 1167 1878 1195 ,
1911 1144 1943 1181 a
1971 1122 2171 1204 probis
2203 1147 2440 1208 separa-

308 1199 399 1260 bit
424 1213 484 1261 et
517 1202 737 1264 delebit
761 1205 873 1287 (l).
903 1208 1040 1267 Haec
1064 1230 1204 1269 vero
1235 1232 1357 1269 non
1392 1223 1562 1271 erant
1592 1214 1896 1276 efficienda
1922 1216 1996 1277 ab
2028 1219 2156 1301 ipso
2195 1222 2437 1299 Messia,

308 1297 414 1358 sed
439 1300 842 1360 Roman-orum
864 1304 1042 1363 armis
1075 1316 1135 1364 et
1174 1306 1523 1367 exercitibus
1541 1353 1567 1384 ,-
1584 1331 1687 1369 seu
1704 1356 1721 1384 a
1753 1323 1820 1371 ut
1846 1312 2107 1395 loquitur
2132 1316 2369 1393 Daniel,
2405 1342 2438 1379 a

304 1394 529 1477 populo
585 1396 746 1457 ducis
801 1400 1058 1459 venturi.
1104 1402 1194 1460 Ita
1235 1423 1616 1486 quaecumque
1661 1407 1783 1469 sive
1827 1409 2138 1470 Malachias
2173 1413 2296 1473 sive
2339 1413 2439 1473 alii

303 1491 612 1573 prophetae
651 1492 725 1554 de
758 1493 987 1556 ultione
1010 1495 1085 1556 ab
1110 1497 1451 1559 infidelibus
1476 1502 1512 1560 J
1518 1500 1695 1561 udaeis
1725 1503 2048 1585 repetenda
2070 1505 2269 1567 dixere
2289 1553 2306 1583 .‚
2335 1530 2437 1590 op-

304 1587 447 1647 time
463 1602 912 1672 componuntur
930 1612 1063 1653 cum
1087 1594 1219 1652 miti
1241 1595 1463 1656 Messiae
1489 1595 1821 1659 charactere
1840 1645 1856 1675 ,
1878 1621 2095 1683 nempe
2112 1602 2430 1683 personali,

301 1682 488 1764 qualis
514 1683 588 1744 ab
615 1686 756 1745 Isaia
778 1686 1125 1749 describitur
1152 1689 1265 1773 (2).

1124 1895 1535 1952 PROPOSITIO
1573 1899 1666 1955 IV.

305 2036 512 2115 Officia
544 2060 618 2098 ac
641 2043 865 2098 munia
897 2061 938 2098 a
959 2043 1260 2119 promisso
1287 2040 1511 2101 Messz‘a
1533 2047 1731 2121 juata
1763 2045 2089 2124 prophetas
2116 2048 2427 2120 obeunda,

674 2136 950 2194 eumdem
991 2136 1299 2195 advenisse
1343 2138 1679 2198 luculenter
1717 2142 2054 2200 ostendunt.

383 2325 523 2386 126.
585 2326 787 2386 Munia
844 2347 910 2386 ac
963 2326 1150 2387 officia
1195 2350 1228 2387 a
1275 2330 1562 2411 promisso
1620 2331 1826 2390 Messia
1877 2335 2047 2409 juxta
2105 2332 2425 2416 prophetas

294 2420 568 2511 obeunda
618 2423 910 2506 praecipua
958 2434 1101 2484 sunt
1150 2422 1447 2505 abrogatio
1498 2426 1710 2487 veteris
1758 2426 1949 2487 cultus
1997 2438 2062 2488 et
2117 2429 2424 2488 sacerdotii

359 2643 432 2708 (1)
467 2640 566 2690 Cfr.
612 2641 771 2700 Jahn,
827 2638 1059 2707 Append.
1101 2639 1312 2689 Herme-
1398 2649 1561 2690 autem
1587 2641 1772 2708 legatus
1805 2661 1891 2693 seu
1913 2645 2183 2712 propheta,
2212 2648 2422 2696 austeri-

295 2732 431 2773 neut.
468 2725 630 2775 fascic.
667 2740 715 2783 1,
741 2741 844 2788 pag.
881 2720 945 2788 57
977 2733 1023 2772 et
1049 2740 1182 2790 seqq.
1216 2723 1310 2770 Ex-

289 2807 479 2873 plicatio
510 2802 710 2853 Malach.
736 2821 772 2852 11
796 2841 810 2864 ‚
851 2804 881 2852 3
899 2842 912 2865 ,
944 2814 1034 2854 etc.

357 2888 432 2952 (2)
474 2886 529 2935 V
526 2888 730 2935 aticinii
745 2928 757 2949 ‚
773 2889 928 2953 inquit
948 2886 1089 2935 Jahn.
1107 2887 1201 2936 loc.
1225 2890 1304 2937 cit.

288 2989 396 3037 pag.
426 2968 526 3032 65,
554 2986 726 3018 semus
757 2978 826 3018 est
855 2986 869 3018 :
904 2968 1028 3031 Ille,
1063 2986 1203 3035 quem
1224 2969 1307 3017 de·

288 3054 549 3117 sideratis,
584 3054 798 3102 Messias
840 3054 1042 3100 omnino
1074 3060 1308 3100 venturus

288 3145 391 3195 εει,-
421 3136 506 3185 sed
547 3153 648 3185 non
690 3138 819 3198 erit,
859 3152 1001 3200 quem
1037 3136 1303 3201 exoptatis,

288 3218 517 3282 bellator,
562 3220 650 3284 qui
688 3218 992 3266 ethnicorum
1041 3218 1306 3282 imperium

287 3309 497 3361 evertat,
529 3309 575 3349 et
591 3309 756 3366 qentes
779 3301 920 3349 -vobis
934 3300 1196 3366 subjiciat,
1224 3298 1309 3346 sed

277 3384 439 3452 judex
462 3383 642 3432 divina
671 3383 911 3448 diqnitate
945 3382 1179 3442 indutus,
1218 3383 1308 3447 qui

287 3469 530 3536 improbos
566 3467 764 3517 Judoeos
792 3477 836 3516 et
863 3470 920 3516 in
946 3468 1129 3534 primi-3
1163 3466 1307 3514 duces

286 3561 549 3601 ceterorum
567 3587 583 3614 ,
612 3559 826 3618 posteros
862 3550 1018 3610 Levi,
1058 3550 1307 3598 atrocissi-

287 3635 385 3682 mis
407 3635 570 3701 poenis
602 3634 803 3702 perdet,
838 3632 1169 3682 nihilominus
1206 3648 1308 3679 non

285 3717 482 3786 penitus
526 3715 1001 3767 exterminabimini.
1060 3712 1309 3764 Proecedet

1398 2731 1494 2771 tate
1513 2725 1625 2771 vitoe
1650 2733 1696 2773 et
1715 2727 1967 2775 ..severitate
1996 2727 2422 2794 reprehensionum

1394 2804 1533 2854 Elim
1563 2806 1777 2871 similis,
1819 2817 1875 2857 ut
1903 2811 2094 2858 animos
2134 2810 2423 2861 «ludaeorum

1395 2888 1653 2954 disponat,
1689 2907 1775 2938 seu
1807 2908 1916 2939 eum
1947 2909 2142 2941 sensum
2168 2896 2293 2960 ipsis
2316 2896 2421 2942 ins-

1386 2972 1551 3036 piret,
1581 2989 1674 3037 quo
1702 2974 1906 3038 majores
1936 2992 2099 3023 eorum
2132 2975 2415 3037 Abraham,

1392 3056 1540 3102 Isaac
1555 3092 1570 3116 ‚
1587 3055 1749 3103 *Jacob
1765 3094 1777 3115 ‚
1802 3065 1889 3105 etc.
1908 3059 2122 3105 animati
2141 3066 2280 3106 erant
2296 3096 2309 3119 ,
2324 3075 2420 3123 quo

1394 3145 1568 3184 conatu
1586 3138 1726 3185 irrito
1742 3176 1754 3199 ‚
1775 3141 1903 3204 reqio
1910 3155 2115 3205 prorsus
2130 3139 2418 3188 vastabitur.

1395 3217 1495 3267 Cfr.
1540 3222 1679 3267 etiam
1710 3220 1928 3269 Sancti-us
1968 3223 2020 3268 in
2059 3221 2188 3269 hunc
2226 3221 2416 3285 locum,

1395 3301 1692 3350 Ackermann
1714 3340 1728 3361 ‚
1778 3302 2129 3368 Hengstenberg
2149 3340 2162 3363 ‚
2213 3321 2286 3368 op.
2332 3306 2415 3352 cit.

1395 3382 1583 3432 Veteres
1611 3383 1802 3432 Judaeos
1831 3394 2088 3450 utrumque
2114 3387 2384 3434 vaticinium
2401 3422 2414 3445 ‚

1395 3464 1552 3530 Aggaei
1586 3483 1756 3531 nempe
1784 3476 1831 3514 et
1857 3465 2098 3515 Malachiae
2118 3504 2130 3526 ,
2165 3467 2223 3517 de
2253 3467 2418 3516 Massia

1395 3549 1714 3613 interpretatos
1767 3566 1865 3596 esse
1883 3584 1897 3608 ‚
1951 3549 2155 3597 ostendit
2203 3550 2416 3599 adductis

1396 3633 1606 3695 ipsorum
1634 3632 1911 3679 testimoniis
1930 3629 2307 3696 schoettgenius‚
2333 3649 2413 3697 op.

1397 3715 1474 3764 cit.
1504 3731 1611 3781 pag.
1642 3728 1740 3780 217
1769 3723 1814 3764 et
1845 3712 1946 3778 224
1971 3724 2017 3765 et
2047 3733 2176 3783 seqq.
