2534 4088
414 259 568 300 PAR'r.
615 261 655 296 1.
700 258 822 298 GAP.
872 259 912 294 1.
964 259 1031 295 DE
1075 257 1285 316 MESStAE
1328 257 1548 296 PRoffls.
1599 257 1665 294 ET
1710 256 1939 293 EXPECT.
2144 235 2220 292 21

121 401 294 481 agat?
325 401 390 459 50
414 403 550 460 Post
570 402 746 459 Josue
783 419 1150 481 unaquaeque
1184 397 1587 480 oppressionis*
1604 395 1881 478 periodus
1914 417 2085 454 suum
2120 418 2225 478 pe—

120 497 271 578 perit
308 494 679 555 liberatorem
710 494 830 553 sive
858 494 1148 554 Messiam.
1179 495 1358 573 Cyrus
1380 537 1397 563 .,
1427 492 1562 552 licet
1590 491 1894 551 idololatra
1915 536 1931 564 .,
1961 492 2023 549 in
2042 492 2228 573 Scrip-

120 603 250 649 tura
278 600 518 649 vocatur
536 590 813 647 Salvator
833 599 892 646 et
924 589 1193 648 Christus
1225 587 1300 645 ob
1326 585 1390 645 id
1425 597 1659 645 tantum
1681 632 1695 661 ,
1726 586 1885 668 quod
1909 587 2091 646 finem
2114 609 2222 668 po—

123 684 301 744 suerit
318 684 637 765 captivitati
652 682 1013 763 Babylonicae
1032 729 1048 758 ,
1069 704 1132 741 ac
1148 681 1244 741 alii
1259 681 1393 762 quia
1421 679 1611 739 media
1634 679 2137 762 suppeditaverint
2153 680 2227 740 ad

119 778 538 862 rempublicam
563 777 986 838 restituendam
1005 823 1029 850 ,
1063 779 1235 853 Num.
1271 775 1474 849 XXIV,
1512 775 1584 834 17
1606 786 1666 834 et
1691 775 1765 834 18
1793 801 1809 848 ς
1845 778 1880 835 J
1885 776 1982 836 ud.
2015 777 2090 851 ΙΙ,
2119 777 2222 850 ΙΙΙ,

119 875 194 933 Vl
219 919 235 950 ,
261 875 341 932 ΧΙ
378 885 515 946 ete.;
551 874 626 932 Is.
652 874 819 931 XLV.
864 874 929 930 60
965 870 1200 945 Quoties
1229 867 1469 927 demum
1500 879 1633 950 post
1662 890 1952 949 magnam
2001 873 2227 951 disper-

119 973 339 1028 sionem
364 967 631 1028 ementiti
678 966 898 1026 Messiae
937 962 1318 1023 Hebraeorum
1340 963 1822 1042 imaginationem
1852 964 2182 1023 excitarunt
2208 1011 2223 1039 ,

117 1064 285 1122 toties
310 1062 369 1120 id
397 1060 683 1121 consecuti
719 1069 856 1118 sunt
879 1079 985 1140 per
1006 1079 1192 1117 sacras
1219 1079 1388 1120 voces
1424 1060 1567 1138 leqz's
1608 1078 1673 1116 ac
1715 1059 2031 1117 libertatis,
2073 1059 2224 1118 Talis

120 1158 229 1216 fuit
248 1155 573 1238 impavidus
609 1151 996 1213 Barcochebas
1016 1198 1031 1228 .,
1065 1175 1243 1235 quem
1271 1174 1373 1212 ceu
1398 1151 1725 1232 legitimum
1763 1152 2034 1213 Messiam
2065 1174 2226 1213 rece-

119 1252 341 1333 pissent
359 1294 376 1323 ,
403 1250 450 1307 si
470 1294 485 1323 ,
510 1247 667 1329 quod
701 1252 1110 1328 aggressusest
1129 1295 1142 1316 ‚
1172 1247 1394 1306 facinus
1421 1246 1663 1307 feliciter
1687 1247 2068 1327 explevisse-t3
2097 1247 2225 1306 talis

118 1367 229 1406 sec.
267 1345 421 1403 XVII
454 1342 723 1403 turbidus
766 1364 832 1402 ac
871 1342 1076 1403 debilis
1127 1342 1404 1402 Sabathai
1447 1343 1582 1404 Sevi
1624 1343 1734 1423 (1).
1786 1344 1845 1402 Si
1874 1344 2003 1425 quis
2048 1345 2225 1424 igitur

117 1450 376 1521 quaerat,
406 1450 606 1498 utrum
649 1438 884 1498 Messias
919 1437 1256 1514 advenerit,
1292 1459 1367 1497 an
1395 1458 1536 1499 vero
1578 1437 1771 1497 adhuc
1794 1449 2076 1499 venturus
2114 1439 2220 1514 sit7

114 1533 417 1614 responsio
442 1534 503 1591 in
552 1544 832 1615 promptu
868 1543 992 1608 est,
1025 1532 1238 1592 scilicet
1279 1544 1409 1591 tum
1442 1531 1669 1610 jamdiu
1704 1554 1840 1611 eum
1878 1532 2183 1594 advenisse
2207 1581 2221 1609 ,

117 1639 244 1689 tum
276 1627 773 1710 superventurum
795 1627 985 1687 adhuc
1012 1648 1156 1687 esse.
1185 1629 1351 1707 Ergo,

201 1722 299 1782 38.
314 1724 488 1805 Resp.
512 1722 616 1781 Ad.
637 1723 741 1798 ΙΨ,
770 1722 840 1782 N
836 1743 921 1803 eq.
941 1721 1099 1804 quod
1118 1723 1454 1798 assumitur,
1473 1721 1748 1783 Hebraeos
1762 1722 1981 1784 scilicet
1991 1726 2225 1783 nonnisi

115 1819 365 1900 sequiori
387 1839 512 1879 aevo
531 1816 722 1877 ideam
746 1838 848 1877 seu
861 1817 1164 1877 notionem
1190 1817 1413 1878 Messiae
1448 1838 1520 1877 ex
1554 1818 1716 1898 Legis
1753 1819 2224 1878 comminationi-

113 1911 222 1971 bus
257 1924 317 1973 et
350 1912 645 1995 promissis
682 1911 792 1971 sibi
835 1911 1080 1972 cudisse.
1127 1913 1298 1971 Certo
1329 1912 1488 1971 enim
1531 1914 1743 1972 certius
1780 1925 1869 1973 est
1890 1960 1906 1989 ,
1936 1915 2222 1992 ejusmodi

114 2007 305 2067 ideam
326 2007 640 2090 seu-potius
658 2008 1106 2091 promissionem
1128 2007 1351 2067 Messiae
1376 2007 1489 2089 ipsi
1517 2007 1741 2067 mundo
1765 2029 2021 2070 coaevam
2046 2011 2220 2070 fuisse

117 2103 178 2160 et
201 2102 346 2182 Lege
363 2103 612 2162 mosaica
639 2103 1026 2176 anterioremg
1059 2112 1126 2160 ut
1152 2122 1224 2160 ex
1259 2100 1428 2161 dictis
1451 2114 1722 2184 apertum
1744 2114 1848 2162 est.
1877 2105 2101 2185 Moyses
2131 2104 2220 2163 lo-

116 2195 194 2253 cis
219 2197 315 2255 cit.
346 2218 474 2257 eam
495 2199 792 2280 supponit.
816 2196 954 2272 Joh,
982 2197 1114 2255 XIX
1135 2241 1151 2271 ,
1177 2195 1258 2254 25
1284 2241 1301 2271 ,
1326 2197 1615 2279 professus
1650 2209 1738 2257 est
1756 2244 1773 2271 .,
1810 2221 1983 2257 suum
2018 2220 2079 2258 se
2118 2220 2222 2258 ex·-

117 2301 350 2370 pectare
374 2293 820 2371 Redemptor-em
836 2336 860 2365 ,
895 2312 1111 2374 nempe
1148 2291 1417 2351 Messinm
1446 2336 1463 2368 ‚
1505 2303 1565 2351 et
1587 2292 1826 2373 quidem
1859 2292 2222 2374 spiritualem

117 2395 291 2465 atque
316 2384 599 2446 divinum.
625 2387 888 2445 Profecto
906 2398 1106 2466 gentes
1128 2408 1331 2446 omnes
1351 2387 1522 2466 longe
1540 2387 1698 2447 inter
1721 2410 1782 2446 se
1805 2387 2020 2447 dissitae
2039 2433 2056 2462 ,
2089 2390 2220 2470 qui-

113 2477 223 2538 bus
246 2479 408 2538 nulla
431 2480 540 2538 fuit
565 2501 698 2538 cum
722 2478 1100 2540 Hebraeorum
1126 2493 1297 2560 gente
1319 2482 1765 2541 communicatio
1784 2527 1800 2556 ,
1831 2482 1894 2540 in
1920 2484 2067 2562 Lege
2090 2504 2219 2540 mo-

116 2575 263 2633 saica
289 2574 507 2634 Messiae
542 2575 844 2634 notionem
872 2577 1127 2657 reperire
1165 2597 1285 2634 non
1312 2586 1651 2656 potuerunt.
1699 2577 2006 2657 Repugnat
2036 2598 2219 2658 prop-

109 2679 272 2729 terea
331 2669 640 2752 Scripturis
706 2690 770 2729 ac
828 2669 989 2729 factis
1059 2670 1197 2757 ipsis
1254 2691 1407 2731 nova
1464 2669 1687 2730 theoria
1753 2670 1826 2729 ab
1882 2671 2215 2732 adversario

112 2764 445 2843 excogitata.
996 2780 998 2782 ’
1802 2778 1807 2783 ’

198 2859 298 2917 39.
345 2860 434 2919 Ad
465 2862 574 2935 2⁰¹3
607 2861 756 2941 Ney.
799 2873 926 2920 tum
973 2860 1047 2920 ob
1087 2861 1381 2920 rationum
1426 2873 1762 2938 momenta„
1800 2884 1928 2945 quae
1971 2863 2217 2923 adducta

117 2965 256 3012 sunt
280 2999 296 3029 ,
335 2966 463 3014 tum
486 2955 560 3015 ob
599 2955 803 3015 falsam
838 2957 1151 3019 adversarii
1191 2957 1568 3018 assertionem
1593 3004 1610 3034 ,
1658 2959 1972 3041 prophetas
2003 2960 2217 3019 scilicet

115 3053 518 3131 oppressorum
550 3051 1018 3112 ‘machinationes
1061 3053 1335 3114 evertisse
1356 3098 1373 3120 ,
1432 3054 1654 3112 animos
1691 3055 2001 3116 excussisse
2040 3058 2212 3132 juxta

114 3145 359 3204 auctoris
415 3167 684 3220 sensum3
739 3145 948 3206 fabulae
1011 3147 1170 3206 enim
1213 3147 1496 3225 ejusmodi
1548 3152 1889 3209 assertiones
1918 3136 2083 3209 'sunt
2139 3148 2213 3208 ab

181 3317 250 3384 (l)
284 3319 350 3369 Ita
380 3320 632 3381 Sahador,
664 3339 741 3387 op.
769 3325 848 3371 cit.
883 3331 997 3371 tom.
1030 3340 1110 3383 111,
1196 3320 1267 3370 Le
1291 3322 1452 3371 wlcan
1477 3321 1518 3370 Ie
1532 3323 1732 3389 fitjeter
1760 3340 1822 3372 en
1844 3326 2048 3390 prison,
2077 3335 2122 3372 ee
2141 3323 2215 3371 lui

115 3397 196 3446 liv.
226 3415 297 3461 iv,
323 3419 428 3467 pag.
451 3401 652 3452 365.De
669 3421 761 3470 quo
778 3402 994 3452 Sabathai
1011 3402 1115 3453 Sevi
1195 3405 1327 3470 offrit
1359 3383 1400 3452 Ῐε
1433 3405 1609 3453 turbem
1644 3423 1707 3454 ou
1742 3405 1888 3455 d'c’cre
1922 3405 2102 3472 empale
2119 3423 2140 3466 ,·
2170 3406 2214 3452 il

114 3476 268 3526 scribit
291 3482 340 3528 in
363 3493 470 3531 nota
502 3500 515 3532 :
549 3483 602 3531 Il
626 3486 742 3532 &tait
763 3489 825 3532 πά
848 3502 908 3533 en
937 3482 1078 3550 Syrie
1096 3519 1112 3546 ,
1198 3484 1404 3534 n'hesita
1426 3488 1595 3551 point,
1618 3490 1744 3536 mais
1761 3526 1774 3548 ‚
1796 3488 1976 3553 malqrc
2001 3504 2087 3535 son
2112 3487 2209 3535 zelo

111 3566 154 3604 et
184 3557 226 3605 il
243 3561 489 3624 produisit
504 3581 598 3613 une
615 3566 722 3614 vive
741 3568 985 3615 sensatior»
1000 3567 1115 3614 chez
1197 3566 1228 3614 ὰ
1259 3570 1481 3632 paraitre
1525 3569 1618 3617 bon
1658 3570 1935 3618 masalman
1958 3606 1972 3633 ‚
2027 3585 2091 3617 on
2132 3568 2206 3617 lui

108 3637 172 3685 les
193 3640 327 3705 juifis
356 3641 412 3690 de
441 3641 833 3713 Constantinople
865 3656 909 3696 et
939 3648 996 3696 de
1016 3656 1119 3696 tout
1199 3647 1360 3698 donna
1394 3650 1574 3698 bienffit
1602 3649 1649 3698 la
1684 3660 1820 3700 mort.

109 3718 354 3783 Fortem,
376 3725 522 3772 meme
550 3726 663 3774 chcz
693 3727 758 3777 les
784 3728 1116 3778 occideneaux.
