2534 4088
2117 144 2235 204 409

368 167 491 205 GAP.
538 165 595 203 V.
644 163 1054 206 DEJSACRARUM
1097 163 1412 204 uma-Usu
1458 165 1528 202 AG
1574 163 1987 202 VENERATIONE.

129 309 448 388 imaginum
496 298 990 388 quam'altarium
1032 313 1092 364 et
1128 304 1483 387 templorum
1527 342 1564 378 ,μ
1619 307 1839 364 etenim
1872 305 1949 364 sic
1982 305 2239 387 loquitur

132 403 390 463 Caecilius
428 402 538 461 loc.
587 401 687 459 cit.
734 423 748 458 :
816 402 945 460 Cur
990 403 1194 459 nullae
1223 402 1647 460 'aras‘hahent
1673 401 1704 460 P
1755 404 1976 481 templa
2010 396 2238 462 hulla?

128 492 303 556 nulla
340 506 481 556 nota
511 494 880 553 simulacra?
917 493 1086 568 Quod
1113 506 1314 553 tamen
1352 493 1664 556 adversarii
1696 517 1816 554 non
1841 495 2230 558 contendunt.

213 592 347 650 130.
391 588 478 647 Ad
518 589 623 663 3¹1¹,
648 591 810 648 Bisa
848 588 1063 648 Eadem
1099 590 1356 664 ration-e,
1390 606 1509 670 qua·
1526 589 1763 648 inficiati
1787 590 1946 649 haud
1977 603 2146 666 sunt,
2175 612 2236 653 se

126 703 248 744 non
277 683 493 743 habere
520 683 721 742 altaria
748 694 808 742 et
831 682 1051 764 templa
1073 728 1089 757 7
1118 701 1317 750 eona:
1345 682 1454 741 alia
1485 685 1708 743 ratione
1733 695 1834 743 aut
1860 707 2030 745 sensu
2056 732 2072 761 ‚
2099 709 2230 768 neq.

125 780 297 849 Certo
321 779 479 837 enim
502 779 713 837 certius
740 789 829 836 est
855 823 870 851 ,
911 778 1133 859 primos
1168 777 1369 837 fideles
1400 788 1469 835 et
1509 777 1660 837 aedes
1703 801 1888 839 sacras
1932 791 1992 840 et
2035 781 2234 842 altaria

124 872 429 948 habuisse,
475 884 542 931 ut
584 874 894 932 innumera
947 871 1102 931 illius
1141 870 1712 933 aetatisdocumenta
1764 887 2054 936 testantur
2103 877 2230 959 (1);

123 979 383 1031 attamen
406 1014 420 1042 a
452 988 585 1026 cum
631 967 705 1026 ad
738 979 1003 1027 mentem
1024 965 1402 1025 *ethnicorum
1433 968 1856 1048 responderent
1882 971 2229 1053 apologetae.,

124 1085 233 1122 nec
254 1063 478 1143 vellent
507 1084 598 1122 res
620 1062 980 1121 Christianas
997 1060 1135 1139 ipsis
1158 1059 1431 1140 prodere7
1450 1061 1582 1120 ideo
1607 1083 1728 1120 non
1743 1064 2056 1144 negabant,
2076 1066 2234 1147 quod

122 1158 260 1239 ipsis
287 1156 360 1216 ab
389 1157 634 1216 ethnicis
662 1153 1087 1237 opponebatur.
1112 1155 1290 1212 Porro
1313 1155 1472 1235 quod
1500 1156 1722 1215 dictum
1744 1169 1832 1216 est
1860 1158 1934 1217 de
1957 1159 2232 1221 altaribus

123 1262 182 1311 et
203 1250 430 1311 aedibus
457 1251 628 1310 sacris
653 1295 669 1324 ‚
698 1247 857 1307 idem
887 1247 1201 1306 dicendum
1240 1249 1314 1307 de
1339 1250 1685 1330 imaginibus
1709 1297 1725 1326 ,
1758 1252 2232 1335 quandoquidem

123 1346 330 1407 eadem
357 1343 584 1407 ratione
615 1343 765 1402 circa
794 1343 931 1402 istas
967 1364 1091 1401 sese
1120 1355 1456 1422 gesserunt3
1498 1366 1630 1405 cum
1661 1358 1886 1405 certum
1915 1349 2135 1430 pariter
2157 1349 2232 1407 sit

189 1511 253 1574 (l)
290 1510 390 1558 cfr.
436 1508 669 1573 Ciampini
692 1544 707 1566 ‚
753 1504 932 1554 Vetera
964 1508 1138 1554 -mom'-

123 1599 285 1639 „tenta
296 1626 312 1652 ‚
344 1593 424 1656 qui
439 1590 692 1653 catalogum
716 1588 901 1636 exhibet
920 1587 1139 1635 Ecclesia·

121 1691 257 1731 rum,
308 1688 410 1738 quae
432 1674 609 1734 vigente
638 1670 791 1717 adhuc
820 1672 1136 1733 persecutione

124 1765 280 1804 erectae
309 1764 445 1812 sunt,
465 1763 562 1800 toto
581 1767 683 1815 cap.
718 1749 793 1799 18.
818 1751 982 1800 Fateor
998 1789 1011 1812 ,
1040 1769 1135 1799 non

124 1840 280 1884 omnia
294 1871 310 1896 ‚
332 1854 430 1901 quae
443 1836 521 1883 hic
536 1845 695 1883 auctor
708 1834 881 1898 profert
901 1871 914 1892 ‚
929 1835 986 1882 ad
1008 1836 1133 1882 eriti-

123 1936 196 1967 ces
235 1920 468 1967 severioris
511 1919 736 1965 amussim
778 1916 959 1965 redacta
1004 1934 1131 1980 esse3

122 2011 326 2048 attamen
340 1999 568 2048 nonnulla
583 1999 800 2047 videntur
811 2001 919 2046 satis
938 1999 1131 2047 firmata.

120 2080 295 2130 Verum
339 2082 429 2129 hoc
469 2081 661 2129 elencho
703 2080 893 2128 dimisso
919 2118 934 2141 ‚
974 2091 1132 2145 utpote

121 2167 275 2212 minus
308 2173 439 2223 tuto,
476 2172 598 2211 certo
635 2163 799 2210 certius
836 2171 935 2221 est,
973 2166 1133 2227 primis

118 2245 285 2293 seculis
314 2255 419 2293 ante
446 2246 591 2309 ipsam
620 2246 984 2309 persecutionem
1015 2243 1130 2291 Dio-

118 2328 300 2376 cletiani
343 2326 629 2375 Christianos
676 2324 851 2391 ubique
902 2336 1128 2373 terrarum

117 2427 267 2457 sacras
313 2409 431 2457 aedes
490 2425 569 2456 seu
618 2407 830 2455 ecclesias
889 2407 1125 2455 habuisse.

116 2490 359 2557 Origenes,
387 2490 710 2538 Traet.xxv1n
723 2490 780 2536 in
796 2488 956 2536 Mam.
975 2507 1020 2535 n.
1037 2484 1100 2536 38
1114 2525 1126 2548 ,

115 2583 305 2621 testatur
321 2610 334 2633 ‚
355 2582 488 2620 aetate
523 2589 604 2619 sua
630 2569 683 2618 E
684 2569 880 2618 eclesias
904 2565 1128 2618 incensas

115 2670 211 2702 esse
239 2673 265 2702 a
294 2653 681 2719 persecutoribus.
714 2652 828 2700 Item
849 2689 862 2712 ‚
882 2651 1035 2701 Hom.
1064 2672 1091 2700 x
1109 2690 1122 2712 ‚

115 2753 167 2783 n.
218 2734 246 2781 3
275 2772 287 2795 ,
335 2736 392 2782 in
434 2733 554 2782 Jesu
597 2733 736 2783 Nave
763 2769 778 2794 ,
823 2734 1030 2799 loquitur
1068 2734 1125 2782 de

115 2824 292 2864 ornatu
313 2815 646 2865 Ecclesiarum
683 2826 727 2864 et
751 2814 1001 2865 altarium.
1036 2815 1125 2864 Ee-

116 2898 356 2946 clesiarum
387 2900 556 2962 pariter
572 2899 783 2946 meminit
801 2935 814 2956 ‚
837 2896 986 2945 Hom.
1005 2914 1055 2945 xi
1070 2898 1125 2945 in

112 2978 367 3028 Numeros.
380 2979 627 3038 Arnobius,
641 2978 692 3026 A
697 2979 774 3027 dv.
787 2989 947 3043 qentes
961 2979 1042 3027 lib.
1058 2997 1121 3039 iv,

111 3063 232 3109 eirca
255 3062 419 3109 finem
443 3096 460 3121 ‚
501 3063 802 3127 conqueritur
842 3062 1126 3109 immaniter

110 3142 248 3190 dirui
273 3142 332 3190 ab
357 3143 550 3191 ethnicis
569 3141 897 3191 conventicula
915 3180 928 3203 ‚
947 3143 1003 3190 in
1021 3144 1121 3207 qui-

109 3223 199 3271 bus
225 3239 441 3272 summus
463 3233 630 3272 oratur
642 3224 799 3274 Deus.
821 3224 1085 3273 Lactantius
1103 3263 1116 3285 ,

109 3305 195 3354 lib.
231 3323 258 3352 v
277 3340 290 3362 ‚
321 3323 374 3354 n.
411 3320 440 3352 2
459 3341 472 3364 ‚
497 3307 634 3355 refert
659 3307 865 3355 dirutum
892 3306 1120 3372 templum

110 3386 218 3445 Dei,
241 3379 367 3451 quod
384 3385 662 3435 Nicomediae
679 3398 791 3437 erat.
813 3388 936 3437 lhid.
954 3407 1005 3437 n.
1037 3406 1052 3436 1
1071 3405 1085 3434 1
1101 3426 1114 3448 3

108 3468 315 3533 loquitur
350 3467 409 3516 de
445 3467 651 3516 Ecclesia
685 3471 735 3516 in
763 3470 880 3528 urbe
914 3470 1118 3535 Phrygia>

109 3547 172 3595 ab
215 3548 411 3597 ethnicis
444 3551 574 3615 jussu
616 3551 822 3615 praesidis
856 3554 1114 3602 combusta.

107 3629 242 3678 Idem
271 3633 321 3679 iu
349 3630 468 3680 libro
502 3627 575 3680 De
598 3632 834 3681 mortibus
855 3643 1123 3700 perseeuto-

1219 1523 1345 1567 rum,
1359 1526 1535 1557 eversas
1549 1511 1598 1557 in
1619 1511 1730 1559 orbe
1740 1511 1987 1560 christiano
2003 1512 2226 1562 Ecclesias

1218 1590 1405 1638 uberius
1436 1603 1786 1641 commemorat.
1823 1593 2053 1642 Eusebius
2081 1597 2224 1655 item,

1217 1667 1409 1719 Hister.
1442 1670 1631 1721 Eeeles.
1664 1673 1749 1722 lib.
1784 1691 1905 1737 vm,
1944 1692 2048 1740 cap.
2091 1675 2147 1723 13
2184 1687 2230 1725 et

1216 1751 1479 1802 Lactantius
1501 1793 1514 1815 ,
1545 1759 1710 1803 iterum
1743 1756 1826 1804 lib.
1865 1761 1948 1807 cit.
1981 1759 2062 1806 De
2089 1754 2226 1807 m'ort.

1207 1850 1390 1898 perseo.
1430 1853 1534 1900 cap.
1582 1832 1677 1896 134
1716 1849 1868 1903 aperte
1905 1840 2130 1900 tradunt,
2175 1843 2226 1889 in

1215 1914 1374 1964 Galliis
1407 1928 1512 1965 ante
1547 1918 1822 1968 Diocletiani
1858 1924 2224 1985 persecutionem

1214 1996 1441 2047 Ecclesias
1456 2002 1670 2060 extitisse.
1690 2000 1884 2066 Optatus
1900 2001 2145 2052 Milev.lib.
2161 2020 2195 2051 11
2208 2039 2223 2064 ‚

1214 2096 1318 2144 pag.
1356 2078 1420 2143 42
1438 2119 1452 2142 ,
1477 2068 1808 2146 'quadraqinta
1844 2083 2068 2133 basilicas
2097 2102 2225 2134 com-

1214 2173 1468 2224 memorat,
1503 2180 1605 2230 quae
1634 2164 1793 2212 Romae
1822 2166 2088 2214 visebantur
2119 2177 2225 2216 ante

1212 2244 1423 2291 eamdem
1444 2248 1827 2308 persecutionem3
1842 2249 2055 2295 meminit
2069 2247 2226 2297 Eccle-

1211 2326 1384 2371 siarum
1420 2327 1590 2388 pariter
1613 2363 1626 2385 ‚
1665 2343 1767 2391 quae
1804 2342 1884 2392 per
1922 2327 1971 2375 id
2007 2327 2224 2394 temporis

1211 2405 1398 2452 fuerunt
1439 2408 1488 2453 in
1514 2406 1683 2455 Africa.
1724 2407 1946 2472 Vopiscus
1965 2415 1983 2469 ,'
2019 2411 2068 2457 in
2100 2408 2154 2455 V
2152 2412 2222 2457 ita

1209 2485 1492 2546 Aureliani,
1513 2488 1748 2553 epistolam
1767 2489 1907 2553 hujus
1926 2490 2222 2555 Imperatoris

1209 2569 1394 2617 exhibet
1417 2605 1432 2627 ,
1478 2572 1529 2617 in
1571 2588 1660 2636 qua
1704 2574 1877 2620 mentio
1908 2572 1961 2619 fit
2005 2572 2221 2623 Ecclesiae

1208 2650 1592 2700 Christianorum.
1629 2651 1687 2700 Et
1723 2652 1820 2701 haec
1845 2655 1953 2702 satis
1990 2656 2081 2702 sint
2103 2691 2117 2714 ,
2160 2673 2221 2705 ne

1208 2749 1259 2779 ea
1290 2732 1517 2796 proseram
1536 2770 1550 2793 ,
1582 2749 1683 2797 quae
1711 2752 1765 2782 ex
1796 2734 2080 2795 Tertulliano
2108 2754 2222 2802 pro-

1207 2813 1313 2861 duci
1331 2824 1545 2878 possent,
1565 2814 1646 2862 De
1670 2811 1799 2865 Idol.
1824 2834 1927 2881 cap.
1945 2833 1972 2880 7
1989 2851 2004 2879 ‚
2023 2826 2068 2865 et
2081 2807 2217 2867 Adv.

1190 2893 1407 2955 Valent.
1440 2913 1543 2961 cap.
1568 2911 1638 2958 ‘23
1670 2907 1715 2945 et
1744 2914 1802 2946 ex
1830 2897 2065 2962 Cypriano
2087 2933 2102 2955 ‚
2137 2901 2219 2964 qui

1205 2975 1372 3042 Epist.
1408 2993 1478 3039 ιν,
1513 2978 1624 3026 alias
1660 2993 1731 3024 ux
1754 3015 1767 3038 ,
1804 2977 1870 3025 ad
1901 2977 2093 3030 Cornel.
2131 2997 2219 3044 op·

1203 3062 1335 3124 ponit
1391 3058 1642 3108 Ecclesiam
1691 3058 1919 3124 Capitolio
1969 3071 2014 3109 et
2074 3061 2219 3110 altare

1203 3141 1393 3189 Domini
1422 3143 1510 3189 aris
1538 3142 1787 3189 idolorum.
1810 3141 1910 3190 Cfr.
1931 3142 2046 3192 edit.
2066 3142 2215 3191 Maur.

1202 3222 1410 3288 Origenis
1432 3260 1445 3282 ‚
1480 3225 1530 3270 in
1564 3234 1661 3271 not.
1700 3223 1759 3271 ad
1798 3222 1881 3271 lib.
1908 3238 1993 3271 v111
2018 3261 2031 3284 ‚
2076 3222 2214 3272 Com.

1204 3304 1394 3351 Celsum
1414 3341 1426 3363 ‚
1461 3322 1508 3352 n.
1549 3320 1623 3368 ¹7·
1656 3302 1852 3352 Nardini
1872 3342 1886 3364 ‚
1924 3305 2076 3352 Roma
2108 3313 2215 3355 am.

1199 3385 1285 3433 lib.
1318 3402 1415 3445 vu,
1439 3403 1542 3450 cap.
1581 3401 1630 3432 11
1659 3422 1673 3445 ‚
1703 3404 1796 3450 reg.
1838 3382 1927 3448 14,
1948 3403 2052 3451 pag.
2081 3382 2212 3449 415,

1199 3477 1412 3532 praeterea
1432 3466 1662 3526 ostendit,
1696 3466 1980 3516 Christianos
2007 3466 2080 3516 vel
2109 3477 2216 3516 ante

1199 3549 1445 3599 Alexandri
1477 3548 1628 3598 Severi
1664 3558 1846 3598 aetatem
1870 3548 2093 3598 Ecclesias
2119 3551 2215 3600 sive

1205 3632 1393 3697 publica
1421 3631 1588 3698 templa
1622 3631 1780 3680 Romae
1804 3629 2030 3699 habuisse.
