2534 4088
445 245 606 282 PART.
654 245 694 281 1.
745 245 867 281 CAP.
917 246 956 282 1.
1002 246 1069 280 ΒΕ
1113 246 1321 284 MESSIAE
1346 246 1568 283 PROMIS.
1620 246 1687 284 ET
1730 249 1958 286 EXPECT.
2239 229 2274 287 3

164 383 558 447 Pentateucho
597 383 881 458 ejusmodi
924 385 1373 465 promissionem
1406 387 1648 467 reperiri
1685 387 2017 462 affirmant,
2049 390 2273 450 Messiae

166 493 362 540 autem
384 480 850 561 expectationem
875 501 995 538 non
1026 502 1147 540 esse
1171 482 1284 539 nisi
1304 481 1747 541 consolatoriam
1771 482 2089 564 quamdam
2107 493 2276 566 spem

165 576 475 659 postremis
511 576 548 633 J
553 573 767 634 udaicae
799 574 1146 656 Reipublicae
1169 574 1531 658 temporibus
1553 578 1847 637 invectam
1871 600 1942 638 ex
1967 601 2282 661 perperam

166 669 476 737 intellectis·
517 668 941 728 obscurioribus
982 670 1334 751 quibusdam
1377 669 1799 751 prophetarum
1833 672 1995 734 locis,
2043 675 2125 733 Ex
2172 674 2283 734 hoc

167 765 452 847 principio
481 765 629 823 alter
655 765 871 846 prodiit
915 788 1107 839 error,
1135 787 1310 847 quem
1326 786 1449 823 non
1468 766 1548 823 ita
1575 767 1807 846 pridem
1832 768 2122 828 adstruxit
2166 769 2286 829 Sal-

167 860 382 933 vador3
410 861 510 940 qui
541 860 842 919 contendit
862 907 876 934 ,
918 860 1148 920 nullum
1181 859 1532 941 peculiarem
1557 881 1622 921 ac
1653 860 2109 933 determinatum
2139 866 2286 924 Mes-

168 956 313 1014 siam
346 956 409 1013 in
440 955 563 1034 lege
595 956 857 1036 promitti
877 1000 893 1029 .,
935 953 1037 1013 sed
1075 955 1392 1034 generatim
1431 976 1859 1038 quemcumque
1888 958 2277 1040 temporalem

171 1051 548 1124 salvatorem,
579 1051 677 1131 qui
705 1049 994 1131 populum
1019 1050 1400 1109 Israeliticum
1428 1072 1460 1109 a
1484 1052 1782 1111 servitutis
1808 1062 1866 1110 et
1893 1054 2287 1133 oppressionis

173 1158 328 1216 statu
356 1147 419 1204 in
440 1144 782 1205 *libertatem
826 1144 1211 1206 vindicaverit
1261 1157 1436 1227 atque
1474 1147 1775 1208 tutaverit.
1810 1147 1892 1205 Ex
1928 1167 2044 1227 quo
2077 1147 2287 1222 infert,

174 1253 262 1300 tot
290 1246 411 1318 jam
441 1239 742 1300 advenisse
778 1241 1041 1314 Messiam,
1074 1252 1218 1322 quot
1249 1240 1466 1322 populo
1499 1242 1797 1323 suppetias
1824 1240 2091 1301 tulerunt
2114 1253 2287 1302 'eum-

173 1357 286 1417 que
305 1334 651 1410 liberarunt,
681 1357 803 1395 non
827 1335 1017 1395 solum
1045 1357 1116 1396 ex
1146 1334 1531 1400 Hebraeorum
1555 1347 1751 1416 gente,
1783 1358 1992 1400 verum
2023 1337 2200 1398 etiam
2222 1358 2292 1398 ex

174 1430 385 1492 exteris
427 1429 732 1510 gentibUS,
763 1430 899 1490 licet
945 1430 1266 1494 idololatris
1297 1457 1314 1505 ς
1367 1431 1690 1510 cujUsmodi
1727 1433 1882 1494 inter
1916 1442 2137 1497 ceteros
2180 1433 2294 1492 fuit

175 1528 387 1606 CyruS‚
424 1526 526 1607 qui
565 1526 627 1583 in
663 1523 989 1608 ‘Scripturis
1030 1528 1260 1587 Christi
1309 1548 1412 1587 seu
1457 1527 1679 1587 Messiae
1729 1527 1970 1587 nomine
2011 1526 2290 1588 donatur.

173 1623 300 1694 Quo
327 1643 502 1681 sensu
519 1642 656 1682 vere
692 1621 806 1681 dici
847 1633 1045 1703 posset
1063 1667 1079 1698 ‚
1113 1633 1244 1680 tum
1274 1623 1542 1682 Messiam
1572 1622 1909 1695 advenisse,
1953 1634 2083 1681 tum
2104 1623 2296 1682 adhuc

173 1738 297 1776 esse
318 1728 638 1778 venturum
667 1717 778 1796 (1).

266 1813 321 1870 6.
366 1810 455 1871 Ab
481 1811 572 1870 his
601 1833 813 1893 parum
849 1811 1139 1871 abludunt
1165 1813 1593 1871 Sansimoniani
1611 1857 1628 1886 .,
1657 1812 1758 1894 qui
1787 1811 2160 1888 fabulantur,
2195 1835 2300 1895 per

185 1907 454 1966 Messiam
482 1928 604 1965 non
631 1907 939 1986 significari
964 1908 1078 1966 nisi
1101 1907 1425 1996 quemlibet
1453 1906 1702 1990 politicae
1732 1906 2024 1967 libertatis
2061 1921 2302 1968 asserto-

182 2024 309 2062 rem
345 2023 409 2060 ac
442 2014 884 2084 propagatorem
904 2049 917 2075 ‚
959 2002 1056 2061 vel
1088 2003 1264 2062 etiam
1292 2002 1568 2062 humanae
1611 2014 1837 2062 naturae
1876 2003 2159 2063 moralem
2187 2026 2304 2064 res-

183 2108 540 2156 tauratorem
568 2122 583 2171 3
612 2099 714 2178 qui
742 2096 1062 2179 multiplex
1083 2099 1308 2181 pariter
1332 2119 1454 2157 esse
1482 2108 1678 2180 potest
1698 2143 1714 2173 7
1749 2098 2104 2181 quandoque
2127 2102 2302 2160 etiam

187 2192 407 2251 femina
444 2193 555 2271 (2),
2108 2255 2110 2257 ,

268 2287 330 2344 7.
379 2289 496 2345 Hos
525 2286 763 2367 quidem
790 2309 994 2351 omnes
1016 2309 1317 2370 possemus
1323 2292 1457 2370 jure
1481 2300 1855 2359 contemnere
1874 2336 1888 2364 ,
1913 2289 2026 2360 nisi
2045 2291 2112 2349 iis
2134 2313 2299 2362 arma

188 2378 658 2463 suppeditassent
682 2382 1057 2443 rationalistae
1080 2429 1096 2458 ‚
1136 2385 1237 2468 qui
1256 2384 1461 2450 fucatae
1495 2384 1795 2468 cujusdam
1837 2385 2178 2457 ,eruditionis
2206 2410 2304 2469 ap·

185 2487 397 2559 paratu
452 2487 637 2534 totam
691 2471 1247 2550 llIessiamsmae-'fut
1287 2489 1501 2547 vocant
1524 2525 1539 2552 ‚
1585 2500 1687 2538 seu
1739 2482 2139 2565 Christoloyz'oe
2180 2484 2305 2546 Ju—

188 2572 456 2629 doeorum
512 2570 840 2645 doctrinam
907 2569 1282 2638 labefactant.
1344 2574 1412 2633 In
1470 2573 1719 2631 istorum
1775 2576 1938 2633 enim
1991 2567 2305 2657 ,hypothesi

188 2688 309 2726 non
331 2677 482 2727 esset
504 2667 738 2726 Messias
755 2665 867 2725 nisi
883 2664 1159 2734 fundator
1176 2676 1275 2729 aut
1293 2666 1561 2734 conditor
1587 2667 1889 2745 cujusdam
1905 2669 2111 2740 idealis
2139 2675 2304 2751 regni

262 2883 499 2946 (1)2Hise.
534 2884 615 2932 des
639 2885 943 2932 institutions
964 2883 1021 2931 de
1040 2883 1202 2931 Mo'ise
1283 2883 1440 2949 quella
1490 2884 1574 2933 che
1624 2902 1778 2933 usano
1826 2887 1849 2932 i
1898 2888 2264 2938 san-simoniani
2284 2925 2302 2951 ‚

195 2974 240 3012 et
269 2964 336 3013 du
357 2964 534 3031 peuple
560 2965 753 3029 hebrea,
782 2983 865 3030 par
878 2966 927 3023 J,
954 2965 1200 3031 Salvador,
1283 2965 1668 3031 quandodicono
1686 2966 1743 3018 ‘di
1760 2966 1922 3015 andar
1945 2970 2180 3021 cercando
2204 2988 2304 3020 mm

191 3046 318 3096 Paris
343 3045 470 3095 1828
491 3084 504 3107 ,
532 3057 572 3096 t.
598 3064 679 3109 111,
698 3042 737 3102 11
760 3059 879 3112 part.
902 3048 986 3102 liv.
1007 3062 1082 3108 lv,
1101 3047 1205 3096 Des
1277 3065 1382 3112 pur
1408 3047 1458 3099 la
1483 3048 1722 3112 fiemmina
1757 3047 1908 3096 libera
1930 3087 1943 3109 ,
1978 3067 2059 3098 ma
2098 3050 2146 3099 la
2177 3053 2305 3117 fem-

179 3130 457 3200 propheties
476 3130 737 3197 politiques
762 3131 822 3186 de
852 3131 1015 3186 Moise
1043 3140 1088 3178 et
1121 3130 1204 3180 des
1285 3130 1421 3181 mina
1438 3129 1623 3178 Massia.
1642 3129 1694 3177 Il
1705 3129 1802 3178 loro
1818 3147 1935 3196 capo
1955 3130 2302 3184 nell'udienza

189 3212 415 3262 Messias.
1285 3209 1362 3258 de'
1395 3208 1459 3258 28
1486 3209 1665 3275 Aqosto
1690 3210 1814 3260 1832
1830 3248 1846 3273 ‚
1874 3212 1988 3264 dove
2003 3213 2063 3278 fu
2083 3216 2298 3266 condan-

238 3294 300 3357 (2)
328 3295 609 3350 Recolantur
623 3313 724 3360 quae
737 3297 1022 3361 scripsimus,
1039 3294 1130 3343 vol.
1147 3312 1200 3352 11,
1285 3301 1397 3340 nato
1416 3330 1429 3351 ‚
1460 3291 1556 3355 eqli
1576 3309 1601 3340 6
1624 3291 1672 3340 16
1705 3310 1796 3340 sua
1824 3302 1941 3342 setta
1955 3330 1972 3355 ‚
2000 3311 2128 3344 come
2156 3300 2231 3346 rei
2248 3299 2307 3347 di

202 3376 369 3426 Tract.
396 3376 453 3424 de
480 3377 587 3426 Deo
602 3412 617 3436 ,
639 3395 693 3431 n.
730 3378 824 3443 237
845 3415 858 3436 ‚
889 3387 989 3429 not.
1028 3393 1077 3424 2.
1102 3376 1202 3425 Cfr.
1278 3372 1510 3440 pubbliea
1541 3373 1825 3440 oltraqqiata
1850 3376 2055 3435 morale,
2085 3395 2183 3426 non
2209 3380 2304 3429 du-

194 3454 403 3506 Rosmini
421 3495 435 3517 ,
467 3476 545 3523 op.
570 3461 656 3511 aest.
689 3459 999 3508 Frammenti
1025 3459 1077 3505 di
1103 3475 1207 3506 una
1289 3456 1387 3504 biti>
1422 3455 1478 3502 di
1506 3455 1609 3504 dire
1646 3476 1665 3504 .·
1692 3457 1776 3505 6116
1811 3457 1905 3522 eqli
1933 3453 2127 3507 credeva
2157 3479 2308 3511 essere

194 3540 342 3588 storia
356 3539 713 3606 d’ell'empietd,
729 3541 830 3591 Mil.
856 3538 997 3603 1834.
1020 3559 1063 3605 p.
1084 3538 1202 3590 165:
1288 3536 1329 3584 il
1344 3554 1629 3604 precursore
1649 3538 1704 3586 di
1722 3548 1883 3603 questa
1908 3541 2147 3604 femmina
2175 3542 2307 3593 Mes-

208 3619 321 3668 Una
351 3638 508 3671 nuova
530 3623 689 3687 forma
707 3661 720 3683 ‚
750 3626 935 3689 inquit,
961 3622 1016 3670 di
1042 3631 1206 3686 questa
1288 3623 1366 3670 sia
1390 3658 1403 3682 ‚
1447 3638 1573 3669 come
1612 3619 1673 3670 S.
1720 3619 1972 3672 Giovanm'
2008 3626 2033 3671 ὲ
2057 3629 2186 3675 rsta'to
2215 3646 2309 3694 per

197 3704 358 3750 antica
387 3703 697 3767 deificazione
712 3703 835 3752 della
849 3720 992 3752 carne
1006 3740 1024 3766 ,
1040 3705 1209 3770 parmi
1293 3703 1425 3752 Ges&
1440 3705 1487 3752 .'.'
1505 3703 1617 3754 Vid.
1647 3707 1794 3754 versio
1811 3706 1896 3755 lat.
1926 3704 1987 3754 ad
2011 3706 2183 3757 calcem
2210 3712 2305 3760 vol.

2010 3802 2064 3859 1.
