2488 4100
679 203 1684 343 TRACTATUS

490 472 655 557 DE
785 470 1877 559 INCARNATIONE.

904 639 1425 752 PROOEMIUM.

221 858 249 914 1
263 902 276 914 .
324 857 641 934 Manifesta
662 873 956 933 may-num
979 862 1065 910 est
1079 854 1324 930 pietatis
1346 860 1824 922 sacramentum,
1843 852 2035 935 inquit
2063 855 2236 937 Apos-

134 950 284 1009 tolus
306 996 320 1025 .,
342 954 365 1007 I
383 951 528 1008 Tim.
545 952 642 1022 III,
660 948 758 1021 16,
780 947 941 1026 quod
955 949 1408 1024 manufestatum
1431 950 1593 1004 estin
1609 950 2232 1026 carne,y‘ustzficatum

133 1058 217 1105 est
273 1051 342 1103 ‘in
392 1048 613 1124 spiritu
628 1044 650 1114 ,‘
702 1045 997 1122 apparuit
1038 1042 1289 1119 amyclis,
1322 1042 1732 1120 praedicatum
1779 1052 1864 1100 est
1900 1046 2180 1122 yentihus
2208 1090 2230 1118 ,

132 1142 422 1200 creditum
447 1150 529 1197 est
552 1143 621 1196 in
655 1137 912 1209 mundo,
946 1147 1325 1215 assumptum
1352 1147 1437 1195 est
1458 1136 1764 1216 ingloria.
1799 1137 1897 1196 Ast
1921 1138 2046 1220 ipsa
2071 1161 2236 1220 mag-

134 1233 400 1293 nitudine
445 1254 545 1291 sua
591 1232 932 1311 mysterium
979 1230 1089 1289 hoc
1133 1229 1576 1310 imbecilliorum
1620 1231 1811 1290 oculos
1850 1235 2193 1313 perstrinxit
2220 1282 2236 1310 7

135 1329 232 1410 qui
249 1329 353 1387 Dei
379 1348 552 1408 opera
570 1348 638 1386 ex
663 1327 899 1408 proprio
928 1348 1101 1385 sensu
1123 1325 1379 1384 dimetiri
1404 1325 1614 1385 solent.
1645 1327 1834 1399 Quare
1859 1317 2062 1409 quovis
2085 1330 2239 1389 tem—

132 1444 271 1503 pore
305 1422 568 1481 acerrimi
604 1420 905 1480 dominicae
943 1421 1359 1479 Incarnationis
1397 1419 1593 1480 hostes
1618 1420 2004 1502 prodierunt3
2046 1424 2239 1505 quiin

135 1516 276 1574 duas
303 1516 508 1576 classes
539 1515 995 1597 dispertiuntur3
1023 1514 1116 1573 alii
1146 1515 1302 1573 enim
1329 1515 1515 1596 ipsam
1540 1515 1774 1596 penitus
1804 1518 2072 1595 rejiciunt
2093 1564 2108 1593 .,
2142 1518 2242 1577 alii

135 1632 471 1690 germanam
497 1609 801 1669 dominicae
827 1609 1243 1669 Incarnationis
1267 1609 1445 1668 fidem
1483 1608 1839 1669 labefactare
1866 1611 2234 1672 adnituntur.

135 1708 204 1765 In
235 1706 424 1787 primo
456 1727 633 1764 censu
654 1706 903 1766 veniunt
923 1704 1154 1764 Hebraei
1173 1716 1231 1764 et
1254 1704 1569 1776 increduli,
1601 1716 1659 1764 et
1687 1706 1789 1786 qui
1809 1705 1899 1764 his
1923 1707 2043 1767 fere
2068 1709 2236 1766 annis

131 1802 198 1860 iis
223 1802 514 1883 suppetias
537 1800 800 1859 tulerunt
822 1800 1192 1859 rationalistae
1211 1825 1226 1873 τ,
1247 1800 1310 1857 in
1326 1798 1507 1858 altero
1543 1820 1681 1858 vero
1709 1799 1963 1860 haeretici
1986 1802 2234 1863 diversae

131 1895 647 1967 denominationis.¹

211 1990 271 2048 2.
320 1991 466 2048 Cum
484 1988 650 2047 nobis
666 1990 959 2068 negotium
978 1990 1051 2047 sit
1067 1988 1341 2048 adversus
1359 2000 1672 2070 utrumque
1691 1989 2002 2049 hominum
2031 2013 2234 2071 genus7

134 2083 262 2143 ideo
302 2084 534 2161 majoris
565 2071 988 2166 perspicuitatis
1026 2085 1208 2165 gratia
1249 2084 1657 2143 tractationem
1690 2096 1954 2144 nostram
1996 2087 2059 2144 in
2094 2087 2237 2146 duas

135 2178 451 2258 praecipuas
485 2189 677 2259 partes
705 2178 1049 2252 dividimu53
1079 2180 1142 2236 in
1170 2200 1415 2259 quarum
1442 2179 1622 2260 priori
1642 2200 1707 2238 ea
1732 2181 1927 2239 omnia
1948 2181 2236 2263 complec-

133 2271 313 2327 timur
329 2292 500 2351 ,quae
524 2272 598 2330 ad
623 2274 890 2332 Messiam
911 2263 1277 2346 referuntur·
1312 2274 1376 2330 in
1410 2273 1745 2354 posteriori,
1771 2297 1900 2355 quae
1944 2275 2019 2333 ad
2049 2276 2239 2334 Chris-

135 2374 264 2421 tum
285 2363 477 2444 ipsum
505 2386 606 2424 seu
631 2366 996 2470 incarnatum
1025 2368 1129 2426 Dei
1172 2366 1424 2426 Verbum
1466 2389 1531 2426 ac
1567 2369 1742 2478 totius
1781 2370 2043 2448 mysterii
2083 2367 2241 2430 oeco-

136 2458 395 2517 nomiam
412 2471 697 2539 spectant.

217 2551 273 2610 3.
319 2553 374 2610 Si
409 2574 522 2633 qua
550 2575 726 2634 porro
757 2565 843 2611 est
870 2553 1174 2633 theologiae
1201 2554 1424 2634 portio.,
1453 2575 1582 2635 quae
1606 2576 1768 2613 curas
1807 2568 2035 2615 nostras
2055 2602 2070 2631 7
2115 2569 2237 2617 stu-

136 2644 297 2704 dium
327 2667 391 2705 ac
421 2646 788 2707 sedulitatem
814 2647 1100 2729 postulet,
1129 2648 1346 2729 primas
1369 2648 1627 2729 profecto
1657 2648 1781 2709 haec
1805 2649 1917 2708 sibi
1944 2651 2202 2712 vindicat
2222 2698 2238 2727 .,

139 2741 265 2821 sive
290 2741 750 2802 adversariorum
784 2763 1098 2802 numerum
1123 2788 1136 2815 ‚
1166 2744 1419 2825 impetus
1454 2753 1627 2826 atque
1666 2746 2056 2805 constantiam
2080 2767 2240 2830 spec-

142 2845 228 2893 tes
247 2880 262 2908 a
281 2836 400 2896 sive
426 2837 510 2895 rei
537 2837 741 2918 ipsiuS‚
770 2837 842 2897 de
869 2859 982 2919 qua
1001 2838 1216 2918 agitur,
1243 2839 1585 2917 gravitatem
1614 2850 1787 2921 atque
1817 2840 2236 2902 difficultatem.

136 2930 258 2987 Deo
292 2941 596 3010 propterea
633 2933 863 3014 auspice
893 2978 906 3004 ‚
949 2954 1160 3012 magna
1200 2935 1531 2992 animorum
1571 2933 1863 2995 alacritate
1900 2946 1957 2996 et
1994 2949 2239 2998 conten-

138 3023 294 3082 tione
321 3025 394 3083 ad
429 3027 792 3107 propositum
813 3026 985 3086 nobis
1012 3027 1483 3103 fidei‘certamen.
1509 3027 1982 3099 descendendum
2008 3043 2096 3091 est
2117 3077 2134 3107 ,
2166 3031 2238 3091 ab

139 3137 205 3175 eo
230 3120 690 3200 auspicantibuS,
727 3121 884 3202 quod
917 3122 1107 3201 primo
1143 3121 1267 3181 loco
1302 3124 1726 3204 proposuimus

935 3304 1143 3370 PARS
1226 3302 1505 3372 PRIOR.

629 3433 700 3472 m:
753 3410 970 3486 M'usslA',
1025 3433 1298 3476 ADVERSUS
1353 3408 1657 3483 amasios„
1701 3428 1703 3430 ’

225 3559 280 3617 4.
327 3563 463 3634 Quae
492 3562 566 3622 ad
594 3564 812 3626 Messiae
844 3566 1165 3630 doctrinam
1195 3569 1560 3644 referuntur,
1599 3561 1853 3630 revocari
1890 3579 2137 3650 possunt
2164 3570 2239 3628 ad

138 3655 315 3735 ipsius
355 3659 796 3736 promissionem
851 3673 910 3721 et
960 3664 1420 3744 expectationem
1459 3657 1482 3737 ,'
1523 3663 1599 3723 ad
1648 3663 1907 3741 ejusdem
1953 3663 2238 3727 adventus

242 3789 245 3792 -
298 3751 361 3807 T.
413 3753 504 3810 IV.
714 3772 722 3782 ·
1966 3759 1996 3815 1
