2534 4088
351 116 470 175 162
1007 132 1205 170 ‘rucr-
1254 133 1323 169 mi
1365 133 1807 172 INGARNATIONE.

351 290 411 339 et
434 296 599 357 seqq.
659 295 794 333 cum
831 271 1110 330 texuisset
1145 269 1360 329 Christi
1390 271 1791 354 genealogiam·
1837 271 1912 332 ab
1953 270 2246 331 Abraham
2291 294 2473 354 usque

352 372 426 433 ad
443 374 479 432 J
482 369 665 453 oseph
687 380 747 428 et
770 366 1035 441 Mariam7
1055 364 1283 425 addidit
1306 387 1364 427 v.
1387 365 1468 424 25
1488 389 1502 425 2
1521 369 1768 448 Peperit
1783 367 2014 454 (Maria)
2031 369 2270 427 Filium
2290 389 2473 427 ste-um

336 467 838 548 primoyenicum.
869 462 1059 534 Quare
1092 461 1397 543 Apostolus
1416 507 1433 536 7
1462 463 1631 521 Rom.
1666 464 1715 537 Ι,
1747 463 1809 538 3.
1837 462 1910 523 de
1939 462 2171 522 Christo
2205 462 2473 544 loquens7

353 564 476 622 ait:
518 560 638 639 Qui
671 561 876 638 factus
912 567 996 617 est
1029 562 1085 617 ei
1124 579 1194 615 em
1236 562 1459 617 semine
1484 559 1695 617 David
1712 560 2047 618 secundum
2075 579 2357 631 carnem3
2393 568 2477 617 at-

359 679 471 739 que
498 653 663 727 alibi,
696 652 823 713 Gal.
849 654 947 728 IV7
976 652 1014 712 4
1041 675 1054 711 :
1086 654 1264 713 Misit
1290 654 1454 713 Deus
1493 654 1731 712 Filium
1765 675 1947 712 suum
1963 657 2197 733 factum
2239 675 2311 712 em
2351 674 2479 713 mu·

350 755 490 811 lz‘ere
514 751 623 830 (l).
649 750 850 831 Neque
874 749 1033 808 enim
1056 770 1126 808 ex
1149 747 1391 807 muliere
1412 751 1617 826 factus
1646 747 1757 806 dici
1777 749 2060 830 potuisset
2077 794 2094 823 7
2126 749 2239 808 nisi
2267 769 2474 829 corpus

354 870 424 908 ex
475 868 542 906 ea
581 845 961 928 suscepisset,
1003 855 1180 927 prout
1231 846 1431 903 Patres
1473 864 1677 902 omnes
1719 841 1998 904 adversus
2039 843 2476 903 Valentinianos

358 939 758 1025 disputabant.

435 1039 577 1096 269.
625 1037 814 1118 Atque
841 1035 978 1094 hinc
1000 1033 1348 1095 refelluntur
1377 1034 1595 1117 pariter
1634 1032 2027 1116 Anabaptistae
2055 1032 2140 1092 illi
2184 1033 2475 1114 ceterique

353 1137 758 1194 protestantes
804 1130 1069 1213 superius
1098 1131 1403 1204 recensiti7
1447 1129 1806 1188 affirmantes
1830 1174 1846 1203 7
1887 1129 1982 1190 vel
2016 1128 2231 1189 Christi
2270 1149 2479 1210 corpus

354 1228 590 1289 coeleste
625 1226 771 1308 quid
808 1247 930 1308 prae
966 1247 1027 1285 se
1066 1225 1266 1286 tulisse
1286 1271 1302 1298 7
1335 1223 1433 1285 vel
1461 1223 1696 1284 eoeleste
1718 1223 1925 1284 saltem
1960 1224 2265 1306 quidpiam
2283 1222 2480 1284 eidem

352 1322 663 1402 adjectum.
706 1323 875 1382 Certe
912 1342 1104 1403 neque
1152 1321 1384 1382 Divinae
1437 1320 1672 1380 Litterae
1702 1365 1718 1394 7
1762 1341 1954 1402 neque
1995 1322 2193 1380 Patres
2243 1317 2482 1379 coeleste

352 1416 687 1496 hujusmodi
716 1437 923 1498 eorpus
954 1426 1421 1476 commemorant
1448 1461 1463 1491 7
1494 1414 1614 1473 imo
1654 1436 1794 1476 vero
1830 1415 2101 1494 reJiciunt
2127 1440 2143 1489 ς
2182 1434 2374 1495 neque
2406 1411 2483 1478 ad

351 1512 783 1573 incarnationis
807 1513 933 1587 sive
962 1513 1308 1593 mysterium
1336 1511 1458 1571 sive
1475 1511 1863 1571 oeconomiam
1891 1509 2114 1570 coelesti
2143 1530 2212 1569 eo
2237 1529 2482 1590 corpore

353 1630 500 1691 opus
530 1618 654 1668 erat
672 1653 688 1683 7
721 1618 790 1667 ut
811 1606 1109 1668 liberiores
1135 1606 1421 1686 ejusmodi
1444 1605 1714 1666 homines
1729 1605 2079 1686 evulgarunt
2098 1651 2114 1681 7
2147 1626 2303 1667 nova
2326 1623 2480 1665 sem—

347 1725 457 1786 per
480 1704 773 1787 paradoxa
808 1725 880 1764 ex
908 1715 1082 1763 sectae
1117 1725 1239 1764 suae
1262 1703 1551 1786 principio
1579 1701 1689 1761 sibi
1714 1700 2015 1762 cudentes,

1169 1904 1658 1947 DIFFICULTATES.

428 2034 569 2105 270.
615 2045 746 2125 Obj.
778 2035 1045 2120 Quanam
1073 2065 1246 2104 carne
1280 2054 1381 2103 aut
1410 2065 1656 2126 corpore
1680 2042 1947 2103 Christus
1979 2041 2263 2126 praeditus
2296 2059 2479 2124 esset,

357 2140 606 2222 ipsemet
625 2162 748 2199 non
767 2140 948 2200 semel
963 2139 1239 2213 declarat3
1258 2161 1322 2199 ac
1343 2140 1406 2199 10
1423 2138 1591 2214 dum7
1610 2140 1775 2199 Joan.
1798 2140 1901 2215 III7
1923 2139 1979 2215 6,
1998 2140 2282 2200 affirmat:
2312 2142 2489 2223 Quod

354 2247 575 2295 natum
592 2246 675 2295 est
699 2257 770 2294 em
784 2257 968 2295 carne
987 2281 1003 2310 7
1032 2256 1172 2294 caro
1196 2246 1312 2312 θείς
1336 2236 1497 2315 quod
1516 2246 1729 2294 natum
1760 2247 1844 2294 est
1865 2258 1935 2294 ex
1950 2240 2203 2315 spirim,
2226 2242 2483 2317 spiritus

354 2343 472 2405 θείς
501 2343 791 2412 repugnat
817 2341 1016 2390 autem
1035 2330 1246 2405 dicere,
1264 2330 1564 2390 Christum
1588 2351 1823 2390 carnem
1840 2331 2049 2406 fuissez,
2082 2332 2149 2390 20
2166 2331 2309 2391 dum
2338 2355 2486 2416 prae-

350 2436 506 2487 terea
534 2427 743 2487 clarius
778 2425 1013 2498 subdit,
1041 2425 1124 2485 ib.
1161 2426 1236 2486 13
1273 2449 1286 2485 :
1312 2427 1505 2487 Nemo
1543 2429 1814 2486 ascendit
1842 2433 1912 2485 in
1944 2430 2188 2500 ooelum,
2222 2434 2352 2487 nisi
2372 2436 2489 2510 qui

348 2522 651 2582 descendit
673 2523 742 2581 de
761 2524 898 2582 coelo
919 2567 935 2598 7
960 2523 1163 2582 Filius
1182 2523 1449 2582 hominis
1461 2566 1483 2595 ,
1506 2527 1619 2603 qui
1636 2534 1719 2582 est
1745 2527 1813 2580 z'n
1844 2525 2001 2582 coelo.
2019 2551 2021 2555 ·
2037 2525 2073 2582 J
2075 2545 2172 2581 am
2196 2546 2335 2584 vero
2357 2524 2482 2608 ipse

351 2638 474 2675 non
505 2616 807 2676 descendit
831 2616 904 2678 de
934 2617 1081 2678 coelo
1106 2618 1170 2676 in
1202 2629 1411 2677 natura
1439 2616 1636 2679 divina
1660 2663 1675 2692 7
1708 2637 1834 2699 quae
1861 2614 2077 2699 ubique
2101 2629 2191 2678 est
2216 2644 2232 2693 ς
2261 2642 2395 2700 ergo
2417 2620 2480 2680 in

354 2724 563 2771 natura
605 2724 902 2794 assumpta
922 2759 937 2788 7
970 2735 1100 2795 quae
1123 2714 1345 2795 pariter
1370 2713 1432 2771 in
1458 2712 1672 2773 coelum
1702 2711 2041 2773 conscendit
2068 2738 2084 2787 ς
2116 2713 2189 2773 de
2215 2714 2361 2775 coelo
2382 2715 2481 2797 igi-

355 2819 454 2866 tur
478 2807 666 2890 ipsam
681 2806 908 2867 detulit.
930 2809 1098 2881 Hinc,
1123 2810 1158 2867 J
1162 2830 1294 2868 oan.
1317 2810 1415 2885 VI7
1441 2807 1515 2866 41
1529 2854 1544 2883 7
1571 2808 1815 2890 loquens
1833 2807 1905 2867 de
1924 2830 2164 2892 corpore
2187 2831 2290 2870 seu
2306 2832 2478 2872 carne

350 2907 453 2962 sua
491 2901 600 2962 sub
645 2902 813 2985 panis
855 2902 1197 2984 metaphora
1230 2948 1246 2978 7
1281 2904 1361 2962 ait
1396 2926 1409 2961 z
1450 2904 1579 2985 Eyo
1617 2926 1755 2963 sum
1783 2909 1972 2984 panis
2005 2909 2215 2980 vivus,
2261 2910 2374 2986 qui
2405 2907 2476 2965 de

349 2999 485 3058 coelo
511 2998 803 3058 descendi.
835 2997 899 3057 30
926 2999 1199 3058 Accurate
1228 3010 1539 3080 propterca
1571 2999 1821 3080 Angelus
1847 2999 2005 3083 apud
2041 2998 2249 3059 Matth.
2276 3002 2326 3075 1,
2351 3001 2432 3061 20
2459 3047 2474 3076 7

347 3092 593 3174 loquens
650 3093 723 3153 de
767 3095 829 3153 Β.
878 3095 943 3153 V.
986 3116 1107 3153 non
1159 3093 1307 3153 dixit
1358 3116 1371 3151 z
1418 3093 1587 3168 Quod
1629 3117 1699 3154 ex
1751 3117 1822 3155 ea
1876 3106 2084 3154 natum
2130 3106 2217 3155 est
2238 3141 2255 3171 7
2316 3094 2421 3156 sed
2457 3119 2470 3155 ε

344 3180 525 3269 'Quod
562 3192 631 3247 in
668 3211 737 3247 ea
782 3200 1001 3248 natum
1043 3199 1127 3248 est
1137 3232 1159 3260 ,
1210 3190 1279 3247 de
1315 3191 1558 3270 Spiritu
1594 3192 1655 3249 S.
1708 3201 1818 3264 θεῖς
1869 3188 2004 3272 quia
2043 3189 2301 3250 Verbum
2354 3212 2477 3250 non

349 3291 428 3342 ‘ex
455 3282 518 3342 B.
554 3282 800 3362 Virginis
834 3306 1006 3345 carne
1039 3282 1148 3343 sibi
1179 3305 1420 3360 carnem
1454 3283 1699 3346 adscivit
1724 3331 1740 3360 7
1778 3282 1883 3344 sed
1910 3305 2107 3345 secum
2136 3307 2168 3345 e
2195 3285 2341 3347 coelo
2364 3284 2471 3347 de-

348 3376 503 3438 tulit.
523 3377 590 3436 40
604 3378 907 3460 Nusquam
929 3391 1239 3463 propterea
1261 3378 1525 3440 Christus
1542 3381 1604 3439 B.
1626 3379 1921 3460 Virginem
1937 3392 2189 3443 matrem
2204 3378 2463 3466 compel-

415 3608 480 3672 (1)
517 3608 615 3659 Cfr.
664 3607 787 3675 apud
832 3606 989 3661 Petav.
1028 3577 1107 3660 De
1145 3609 1355 3662 Ino-arn.
1395 3607 1480 3661 lib.
1520 3629 1576 3673 v,
1613 3628 1711 3678 cap.
1753 3626 1832 3662 11.
