2534 4088
328 174 404 234 68
559 218 563 221 -
967 196 1195 236 mmor.
1243 201 1311 237 mi
1354 201 1789 242 nvcmnA'rmNE.

325 338 588 405 svaticinii
624 336 878 405 Danielis
919 334 993 394 ad
1032 337 1231 398 finem*
1266 340 1475 401 mundi
1511 343 1571 402 in
1618 365 1793 404 sensu
1817 391 1832 420 ,
1879 356 1945 404 ut
1984 346 2169 406 fertur
2191 392 2205 421 ,
2254 348 2449 408 inclu-

327 432 805 501 ‚sivocommunis
829 433 1227 513 expositi-oum,
1247 456 1433 509 conant,
1452 437 1516 495 in
1539 459 1713 498 sensu
1728 440 2043 516 exclusivo,
2071 464 2199 522 neq.
2225 444 2278 502 N
2282 464 2453 526 empe

330 530 427 588 isti
443 531 639 588 Patres
657 548 791 585 cum
817 530 1213 608 spectaverint
1241 529 1611 611 Solymorum
1638 536 2002 620 eversionem
2021 537 2185 597 velut
2209 538 2456 617 figuram

332 635 609 684 extremae
632 620 842 680 mundi
878 621 1055 682 cladis
1076 670 1090 693 ,
1133 624 1269 684 hinc
1299 627 1641 687 vaticinium
1681 631 1934 691 Danielis
1976 631 2051 691 ad
2081 632 2242 691 illam
2278 635 2457 693 etiam

331 718 695 792 retulerunt3
712 739 834 776 non
851 718 1236 779 excluderunt
1250 732 1451 781 tamen
1472 721 1767 800 objectum
1784 727 2142 808 praecipuum
2160 740 2219 788 et
2240 729 2453 789 imme-

335 811 563 872 diatum
583 858 599 887 ,
632 814 902 873 Messiam
943 836 1158 898 nempe
1180 862 1195 891 v
1240 838 1305 876 ac
1348 819 1720 900 punitionem
1753 821 2083 883 infidelium
2112 824 2458 885 Judaeorum

335 906 410 967 ob
453 930 661 969 necem
705 908 895 969 eidem
924 909 1149 970 illatam
1179 912 1290 992 (1).

1309 1108 1335 1176 g
1390 1107 1484 1159 111.

617 1230 1084 1330 Eapeuduntur
1123 1253 1424 1309 vaticinia
1467 1251 1676 1331 quaei
1717 1261 1773 1309 ec
1816 1251 2167 1313 Malachiae.

320 1450 330 1455 ’
422 1440 557 1500 114.
608 1439 745 1499 Haec
776 1438 892 1498 duo
920 1439 1190 1500 vaticinia
1224 1439 1652 1520 conjungimus,
1684 1451 1813 1499 tum
1840 1442 1974 1523 quia
2000 1441 2195 1502 lucem
2225 1441 2334 1501 sibi
2363 1442 2458 1502 in-

339 1538 538 1599 vicem
562 1535 816 1595 afferunt
839 1579 861 1607 ,
904 1546 1031 1594 tum
1060 1536 1196 1617 quia
1228 1534 1302 1595 de
1341 1535 1549 1595 eodem
1578 1548 1925 1617 argumento
1961 1549 2117 1596 sunt.
2162 1538 2312 1597 Cum
2346 1537 2465 1618 igi-

338 1644 436 1692 tur
466 1653 695 1691 summa
724 1630 916 1690 affecti
942 1641 1138 1691 essent
1167 1631 1444 1691 moestitia
1466 1634 1502 1691 J
1506 1630 1658 1691 udaei
1687 1633 1940 1692 seniores
1966 1677 1981 1707 ,
2021 1654 2091 1692 ex
2128 1633 2468 1714 captivitate

320 1726 687 1808 'babylonica
702 1725 966 1802 reduces7
994 1725 1205 1808 quibus
1229 1725 1439 1808 templi
1464 1725 1814 1786 Salomonici
1832 1727 2262 1807 magnificentia
2282 1726 2468 1810 probe

339 1834 466 1884 erat
495 1832 835 1905 perspecta,
875 1843 982 1881 nec
1023 1832 1266 1904 possent
1304 1821 1514 1882 fletum
1563 1821 1833 1882 cohibere
1871 1821 2335 1882 zorobabelicum
2372 1823 2469 1881 in-

337 1929 571 1979 tuentes
593 1964 608 1993 .,
637 1920 790 1977 Deus
822 1940 928 2000 per
953 1918 1224 1998 Aggaeum
1255 1937 1351 1976 eos
1380 1917 1602 1975 solatur
1625 1917 1955 1999 pollicendo
1984 1917 2156 1997 longe
2185 1922 2468 1995 majorem

338 2015 614 2076 futuram.
637 2013 809 2092 hujus
847 2012 1089 2073 secundi
1123 2011 1333 2093 templi
1365 2010 1608 2090 gloriam
1644 2033 1715 2072 ex
1739 2013 2051 2093 praesentia
2085 2012 2266 2071 futuri
2310 2013 2464 2071 Mes—

341 2111 440 2170 siae
469 2155 486 2185 ,
517 2131 697 2190 quam
731 2108 939 2190 prioris
976 2107 1184 2189 templi
1226 2107 1407 2188 gloria
1441 2107 1654 2167 fuerat.

325 2216 339 2220 ’
429 2204 571 2263 115.
617 2204 708 2262 Sic
732 2214 930 2262 autem
959 2205 994 2262 J
998 2203 1190 2262 udaeos
1214 2224 1286 2262 ex
1309 2204 1414 2263 Dei
1438 2203 1678 2262 nomine
1695 2203 1933 2284 Aggaeus
1957 2202 2169 2262 affatur
2187 2248 2202 2277 ,
2233 2222 2362 2285 cap.
2379 2203 2462 2278 ΙΙ,

344 2302 382 2359 4
418 2311 668 2382 θιεθςᾳ.
704 2322 716 2356 :
759 2300 906 2379 Quis
949 2304 1019 2358 iu
1063 2301 1227 2358 vobis
1267 2310 1353 2358 est
1391 2300 1706 2358 derelictus
1719 2342 1741 2371 ,
1785 2303 1900 2378 qui
1925 2299 2081 2357 vidit
2119 2299 2365 2357 domum
2387 2302 2468 2357 is-

342 2409 464 2458 tam
506 2402 577 2457 in
613 2398 816 2477 gloria
862 2417 978 2454 sua
1010 2395 1279 2475 prima?
1327 2396 1414 2455 Et
1453 2395 1609 2474 quid
1643 2415 1739 2452 vos
1790 2395 2002 2452 videtis
2045 2394 2202 2452 hanc
2241 2391 2465 2452 nunc?

342 2493 680 2573 Numquid
697 2513 817 2551 uon
849 2497 939 2550 ita
964 2503 1081 2564 est,
1112 2494 1298 2571 quasi
1320 2513 1441 2550 non
1465 2495 1546 2549 sit
1575 2494 1646 2549 in
1679 2491 1864 2549 oculis
1890 2493 2095 2548 vestris
2109 2488 2214 2547 Ρ...
2246 2488 2466 2548 Adhuc

342 2610 542 2649 unum
587 2590 892 2648 modicum
935 2599 1019 2647 est
1044 2633 1060 2662 7
1108 2598 1165 2645 et
1206 2607 1304 2667 eqo
1344 2587 1706 2646 commovebo
1760 2587 1974 2643 coelum
2014 2595 2070 2642 et
2106 2594 2370 2657 terram,
2415 2595 2471 2644 et

344 2705 516 2743 mare
533 2728 550 2760 ‚
586 2694 642 2741 et
669 2684 936 2742 aridam.
966 2683 1054 2742 Ec
1075 2683 1302 2741 movebo
1330 2703 1528 2741 omnes
1544 2690 1743 2760 gentes
1767 2705 1783 2738 .·
1808 2690 1864 2737 et
1882 2687 2075 2738 veniet
2097 2680 2465 2739 desideratus

347 2782 581 2838 cunctis
607 2779 932 2858 gentibus;
969 2788 1026 2836 et
1062 2779 1319 2856 implebo
1366 2777 1613 2835 domum
1661 2780 1843 2834 istam
1876 2776 2075 2855 gloria
2100 2820 2116 2848 ,
2154 2776 2308 2834 dicit
2341 2777 2465 2835 Do-

346 2878 574 2934 minuS.
589 2920 628 2933 ..
653 2875 863 2938 Meum
893 2884 978 2932 est
1000 2884 1320 2954 argeutum
1342 2883 1399 2930 ec
1423 2892 1624 2930 meum
1648 2882 1731 2929 est
1752 2892 2058 2929 aurum...
2095 2871 2329 2951 Maqna
2350 2877 2471 2930 erit

339 2973 542 3052 yloria
566 2971 777 3028 domus
798 2972 976 3028 istius
999 2972 1337 3027 uovz'ssimoe
1354 2969 1498 3048 plus
1518 2988 1703 3046 quam
1719 2970 1948 3046 primae
1965 3012 1980 3042 ,
1997 2967 2150 3026 dicit
2163 2967 2466 3027 Dominus

347 3063 722 3131 exercituum
736 3090 827 3140 5...
868 3074 923 3123 et
962 3068 1034 3123 iu
1076 3066 1194 3122 loco
1235 3068 1346 3123 isto
1387 3064 1543 3122 dabo
1573 3083 1810 3142 pacem.

335 3299 340 3325 t
416 3283 486 3350 (l)
520 3283 617 3332 Cfr.
633 3283 682 3332 S.
706 3283 827 3332 Iren.
846 3282 987 3332 Com.
1005 3282 1175 3332 haerec.
1199 3282 1283 3331 lib.
1306 3302 1335 3331 v
1350 3320 1363 3343 ‚
1451 3281 1733 3330 hebdomad.
1754 3281 2028 3345 reciqnatus
2039 3315 2057 3342 ,
2074 3295 2160 3328 scu
2171 3280 2466 3330 vaticinium

347 3384 451 3433 cap.
483 3365 548 3416 25
566 3404 579 3428 ,
613 3364 639 3432 ἓ
667 3363 701 3430 4
729 3376 773 3415 et
800 3384 933 3432 seqq.
965 3366 1080 3416 edit.
1115 3364 1364 3427 Massueti3
1450 3363 1682 3412 Danielis
1717 3362 2010 3411 illustratam
2026 3398 2043 3424 ‚
2087 3362 2244 3410 Romae
2298 3361 2460 3429 17143

347 3449 537 3514 Origen.
568 3447 835 3497 Commeat.
856 3450 912 3495 in
934 3447 1114 3496 Manli.
1143 3457 1258 3496 tom.
1280 3464 1363 3508 111,
1451 3445 1672 3509 Huetius,
1698 3443 1951 3494 Demonst.
1976 3460 2147 3509 evanq.
2173 3461 2351 3511 propos.
2382 3462 2461 3505 11,

346 3549 453 3597 pag.
477 3528 579 3581 858
601 3539 647 3579 et
669 3548 766 3596 seq.
797 3547 905 3595 opp.
930 3531 1041 3579 edit.
1069 3529 1223 3578 Maur.
1249 3528 1362 3579 Vid.
1447 3545 1549 3593 cap.
1578 3524 1632 3587 83
1660 3527 2001 3588 Tournemine,
2030 3526 2241 3577 Dissert.
2264 3527 2464 3575 chrono-

324 3610 407 3662 ‘de
436 3609 527 3661 hoc
562 3615 833 3678 argumento
865 3623 1031 3676 praeter
1061 3623 1268 3661 auctores
1297 3613 1365 3660 ci·
1447 3608 1539 3675 loq.
1570 3627 1678 3670 xvr,
1706 3610 1772 3659 ‘ad
1804 3609 1978 3660 calcem
2007 3620 2256 3660 comment.
2293 3608 2463 3660 Meno-

351 3701 471 3747 tatos
496 3694 698 3746 Jacobus
714 3693 914 3761 Ayrolus
931 3693 984 3745 S.
1008 3694 1057 3744 J.
1073 3732 1087 3756 ‚
1111 3693 1260 3743 Liber
1280 3711 1363 3742 Lxx
1424 3707 1427 3712 ’
1449 3694 1540 3742 chii
1561 3729 1575 3753 ,
1607 3702 1698 3742 etc.
