2534 4088
301 238 464 276 Mirr.
492 238 532 274 1.
558 237 678 274 car.
727 235 790 270 11.
837 234 905 271 nn
943 227 1102 271 Broc.
1153 233 1224 270 ET
1266 231 1442 269 orric.
1492 228 1653 267 mon.
1678 226 1903 265 missm..
2071 205 2148 263 45

64 378 391 438 beatissima
408 376 528 434 loca
554 375 721 453 longe
744 373 974 453 lateque
1001 371 1342 453 occupantes
1367 370 1571 448 (1).20
1591 370 1836 442 Verum
1861 366 1965 426 etsi
1988 365 2149 426 abla—

66 485 192 531 tum
215 472 402 552 reipsa
428 479 576 528 esset
602 477 892 549 sceptrum
919 488 950 524 a
966 468 1001 525 J
1005 465 1151 539 uda
1186 464 1331 523 nihil
1356 463 1565 523 exinde
1591 462 1664 522 ad
1685 483 1811 522 rem
1830 483 1993 521 suam
2021 482 2152 521 con·

66 563 468 625 stabiliendam
515 560 823 622 adversarii
882 561 1272 642 proficerent,
1329 558 1437 616 nisi
1503 556 1674 615 simul
1732 555 2151 627 ostenderent,

68 659 303 719 Judaeos
319 662 413 735 jus
453 655 528 715 ad
569 657 843 714 amissum
878 665 1169 760 sceptrum
1204 674 1325 711 non
1374 649 1626 732 amplius
1671 651 1956 725 retinere,
1997 650 2155 732 quod

68 752 309 812 Romani
335 772 440 831 per
479 771 767 808 summam
811 749 1080 827 injuriam
1109 747 1176 805 iis
1215 743 1622 818 abstulerunt
1662 743 2155 824 quemadmodum

60 852 154 925 jus
176 844 376 904 istud
360 867 423 902 m
456 844 594 925 ipsis
620 865 724 925 pei
727 843 1046 915 severav1t
1088 839 1353 920 quamvis
1383 838 1447 896 in
1481 839 1876 918 captivitatem
1919 839 2155 920 Babylo-

68 941 257 999 nicam
273 939 506 998 abduct1
520 939 777 997 fu1ssent
812 939 998 1009 Quare
1034 933 1168 994 vel
1143 955 1238 1010 Jus
1274 931 1430 991 istud
1457 923 1666 991 sufficit
1697 931 1772 990 ad
1795 932 1928 1008 hoo,
1957 946 2023 993 ut
2045 934 2157 994 dici

68 1035 249 1116 possit
277 1045 569 1114 sceptrum
602 1029 958 1103 conservari,
983 1038 1042 1087 et
1061 1027 1123 1085 in
1149 1027 1256 1085 1130
1280 1025 1603 1108 hypothesi
1616 1025 1773 1108 apud
1799 1026 2030 1087 Judaeos
2059 1030 2157 1089 ad-

72 1129 183 1187 1130
202 1134 498 1209 sceptrum
515 1124 916 1195 conservaturi,
963 1120 1057 1182 vel
1078 1143 1199 1179 non
1224 1121 1469 1195 sufficit,
1501 1132 1560 1180 et
1592 1121 1656 1179 in
1695 1121 1802 1180 hac
1837 1120 2016 1181 altera
2045 1122 2160 1203 hy-'

73 1222 299 1304 pothesi
338 1230 625 1300 sceptrum
667 1216 964 1276 defecisset
1008 1227 1059 1274 a'
1083 1217 1117 1274 J
1123 1214 1235 1274 uda
1273 1217 1529 1297 quinque
1574 1225 1634 1274 et
1673 1215 1920 1297 amplius
1957 1213 2158 1276 seculis

75 1328 208 1376 ante
223 1315 578 1376 eversionem
596 1310 888 1371 HeBraicae
912 1309 1244 1392 reipublicae
1266 1354 1280 1383 ,
1309 1310 1466 1392 quod
1496 1331 1668 1369 nemo
1698 1309 1870 1370 dicet.
1898 1310 1964 1369 30
1985 1305 2156 1386 Hinc,

75 1421 140 1468 ut
168 1410 304 1468 scite
347 1407 618 1468 observat
651 1405 929 1467 Salvador
968 1405 1092 1484 (2),
1138 1406 1374 1485 antiqua
1417 1403 1796 1464 Hebraeorum
1840 1404 2161 1487 respublica

65 1509 228 1582 juxta
268 1501 668 1585 praedictiones
688 1545 705 1576 .‚
756 1501 937 1560 Levit.
994 1501 1178 1559 XXVI
1200 1544 1216 1574 7
1271 1498 1348 1557 40
1392 1510 1456 1557 et·
1498 1499 1570 1557 41
1596 1525 1612 1572 τ,
1670 1502 1837 1558 Deut.
1889 1501 2046 1559 XXX
2101 1511 2160 1560 et

73 1597 320 1671 XXXII,
363 1595 439 1654 43
463 1641 479 1671 ,
517 1597 581 1655 in
625 1594 949 1676 pristinum*
978 1605 1194 1652 statum
1225 1593 1452 1652 restitui
1494 1592 1699 1667 debet3
1749 1593 1857 1652 sub
1897 1606 2163 1676 respectu

74 1713 209 1753 vero
252 1691 484 1773 politico
522 1711 587 1749 ac
616 1689 902 1764 naturali,
940 1700 1121 1748 status
1151 1689 1402 1748 Orientis
1431 1687 1619 1749 adhuc
1655 1690 2006 1770 provisorius
2041 1701 2160 1766 est3

77 1786 267 1844 omnia
306 1784 666 1867 portendunt
706 1784 1032 1867 proximam
1085 1783 1423 1843 Judaeorum
1461 1779 1989 1864 regenerationem,
2034 1794 2165 1868 quae

77 1880 292 1939 fructus
319 1881 429 1939 erit
457 1899 676 1958 magnae
703 1878 1051 1960 populorum
1088 1877 1590 1938 confoederationis
1616 1925 1632 1953 ‚
1661 1901 1775 1961 qua
1804 1902 1919 1961 pax
1941 1891 2001 1940 et
2035 1880 2167 1940 feli-

81 1975 214 2033 citas
243 1973 619 2035 Hebraeorum
646 1976 707 2032 in
746 1973 866 2033 dies
910 1971 1243 2052 augebitur,
1290 1974 1583 2033 mediante
1612 1973 1856 2034 aliorum
1897 1975 2167 2036 felicitate

84 2080 142 2127 et
163 2090 335 2150 pace,·
361 2091 425 2128 ac
457 2069 555 2129 filii
579 2068 754 2129 Israe'l
777 2068 968 2128 denuo
1006 2079 1146 2127 tunc
1166 2079 1443 2150 poterunt
1486 2069 1792 2128 fecundam
1820 2081 2035 2130 terram
2060 2093 2167 2152 pa-

86 2173 240 2220 trum
267 2174 500 2222 suorum
528 2163 775 2223 incolere
793 2209 807 2238 ,
848 2184 977 2244 quae
1003 2162 1210 2222 sterilis
1235 2163 1436 2222 effecta
1471 2175 1560 2223 est
1591 2163 1698 2222 sub
1738 2164 1998 2244 passibus
2027 2165 2169 2225 Isla-

88 2255 358 2314 mitarum
376 2282 391 2329 ς
411 2268 686 2337 poterunt
701 2258 946 2317 excitare
976 2257 1260 2339 templum
1279 2259 1314 2316 J
1318 2257 1545 2317 ehovah
1569 2303 1584 2333 a
1610 2257 1864 2340 legisque
1889 2259 2171 2342 palatium

85 2349 401 2409 restituere.
440 2352 603 2429 Ergo,

167 2443 267 2503 82.
313 2446 479 2525 Resp.
516 2444 669 2524 Ney.
699 2451 885 2503 antec.
922 2444 996 2503 ad
1027 2445 1105 2503 1¹1¹
1148 2444 1315 2525 prob.
1359 2449 1519 2504 Dist.
1555 2445 1724 2505 Plura
1762 2446 1950 2508 adhue
1976 2450 2172 2530 vigent

87 2537 488 2597 florentissima
518 2541 553 2598 J
559 2539 856 2598 udaeorum
883 2560 1059 2619 regna
1080 2539 1143 2596 in
1173 2539 1575 2598 fecundissima
1599 2540 1997 2603 Rabbinorum
2025 2545 2174 2603 ima-

89 2632 408 2711 ginatione,
438 2655 625 2707 cona,
659 2634 912 2712 inhujus
941 2645 1110 2692 terrae
1129 2632 1455 2713 regionibus
1471 2677 1492 2705 ,
1518 2656 1643 2714 neq.
1677 2635 1888 2695 Mirum
1917 2638 2181 2719 profecto

91 2738 206 2801 est,
236 2728 514 2806 ejusmodi
550 2727 768 2788 fabulas
799 2728 986 2787 adhuc
1015 2727 1315 2788 venditare
1350 2727 1640 2787 Rabbinos
1662 2729 1723 2786 in
1752 2741 1914 2790 tanta
1936 2754 2174 2814 geogra—

92 2821 243 2903 phiae
268 2823 429 2899 luce,
474 2846 587 2906 qua
625 2825 725 2898 fit,
763 2835 829 2882 ut
862 2825 960 2884 vix
998 2822 1200 2905 aliquis
1243 2824 1317 2882 sit
1351 2834 1520 2883 terrae
1559 2822 1834 2903 angulus,
1865 2827 1965 2907 qui
1992 2827 2175 2909 probe

95 2937 215 2975 non
259 2929 644 2997 cognoscatur.
689 2917 969 2978 Mittimus
1014 2918 1230 2999 pariter
1250 2963 1265 2993 .,
1311 2937 1437 2999 quae
1488 2917 1560 2976 de
1604 2916 1845 2978 flumine
1884 2920 2174 2996 sablbatico

95 3011 239 3070 mira
281 3013 388 3093 ipsi
410 3011 740 3095 fabulantur
768 3012 855 3091 (3)
874 3059 888 3087 .,
912 3034 986 3072 ne
1010 3023 1239 3095 tempus
1263 3015 1325 3071 in
1355 3012 1633 3091 ejusmodi
1663 3017 2002 3075 commentis
2030 3017 2176 3077 serio

95 3105 420 3166 refellendis
450 3107 723 3188 projicere
750 3107 1071 3168 videamur.

165 3347 232 3409 (1)
268 3347 402 3413 Apud
417 3349 617 3411 Derossi‚
633 3367 706 3415 op.
722 3353 798 3399 cit.
813 3368 917 3416 cap.
937 3350 966 3398 3
983 3349 1097 3417 ‚§2.
1180 3352 1329 3401 Eldad
1362 3353 1576 3402 Haddani
1592 3371 1714 3403 anno
1742 3354 1931 3404 Domini
1960 3355 2085 3406 1283
2121 3358 2180 3405 ad

170 3426 233 3489 (2)
267 3427 964 3497 Op.eit‚tom.11t‚liv.1v‚pag.
986 3431 1099 3482 362.
1182 3433 1393 3484 Hebraeos
1429 3437 1479 3483 in
1517 3432 1748 3500 Hispaniis
1772 3474 1785 3497 ‚
1825 3437 1899 3486 cl.
1930 3437 2182 3486 Bartolocci

170 3505 230 3569 (3)
266 3508 357 3557 Cfr.
377 3510 485 3576 Quae
501 3514 558 3562 de
576 3513 665 3562 hoc
683 3514 892 3562 fabuloso
910 3515 1101 3563 flumine
1183 3515 1462 3566 Ord.Cist.in
1474 3516 1699 3566 Biblioth.
1720 3519 1992 3581 rabbinica‚
2012 3530 2124 3568 tom.
2142 3536 2181 3578 1,

103 3586 238 3635 refert
266 3605 319 3636 ex
341 3594 599 3643 auctoribus
617 3595 806 3649 hebraeis
817 3630 832 3656 ,
853 3599 1099 3661 praesertim
1179 3612 1384 3663 pag.ioo
1400 3609 1443 3648 et
1458 3599 1827 3666 seqq-Iosephus,
1841 3600 1921 3649 De
1934 3598 2049 3649 bello
2062 3598 2183 3650 Jud.

103 3684 208 3717 vero
238 3687 289 3718 ex
316 3671 491 3735 prolixa
507 3676 692 3740 epistola
711 3713 725 3739 ,
762 3695 900 3743 quam
913 3680 1103 3744 scripsit
1179 3679 1266 3730 lib.
1314 3698 1378 3730 vn
1397 3718 1411 3742 ,
1455 3698 1556 3748 cap.
1595 3678 1646 3733 5.
1693 3682 1804 3733 edit.
1849 3682 2146 3751 Haveroampi
2169 3721 2184 3746 ‚
