<?xml version="1.0" encoding="UTF-8"?>
<!DOCTYPE html PUBLIC "-//W3C//DTD XHTML 1.0 Transitional//EN"
    "http://www.w3.org/TR/xhtml1/DTD/xhtml1-transitional.dtd">
<html xmlns="http://www.w3.org/1999/xhtml" xml:lang="en" lang="en">
 <head>
  <title>
</title>
<meta http-equiv="Content-Type" content="text/html;charset=utf-8" />
  <meta name='ocr-system' content='tesseract 3.04.00' />
  <meta name='ocr-capabilities' content='ocr_page ocr_carea ocr_par ocr_line ocrx_word'/>
</head>
<body>
  <div class='ocr_page' id='page_1' title='image "a603693804perruoft_0194.png"; bbox 0 0 2534 4088; ppageno 0'>
   <div class='ocr_carea' id='block_1_1' title="bbox 337 65 2479 1269">
    <p class='ocr_par' dir='ltr' id='par_1_1' title="bbox 344 65 1816 124">
     <span class='ocr_line' id='line_1_1' title="bbox 344 65 1816 124; baseline 0 -1"><span class='ocrx_word' id='word_1_1' title='bbox 344 65 456 124; x_wconf 83' lang='grc'>186</span> <span class='ocrx_word' id='word_1_2' title='bbox 1018 84 1213 121; x_wconf 72' lang='lat' dir='ltr'>TRACT.</span> <span class='ocrx_word' id='word_1_3' title='bbox 1261 84 1330 118; x_wconf 72' lang='lat' dir='ltr'>ns</span> <span class='ocrx_word' id='word_1_4' title='bbox 1374 84 1816 123; x_wconf 60' lang='lat' dir='ltr'>monaulon.</span> 
     </span>
    </p>

    <p class='ocr_par' dir='ltr' id='par_1_2' title="bbox 337 222 2479 1269">
     <span class='ocr_line' id='line_1_2' title="bbox 338 222 2475 310; baseline 0.003 -23"><span class='ocrx_word' id='word_1_5' title='bbox 338 228 456 289; x_wconf 85' lang='lat' dir='ltr'>levi</span> <span class='ocrx_word' id='word_1_6' title='bbox 484 227 874 287; x_wconf 83' lang='lat' dir='ltr'>fundamento</span> <span class='ocrx_word' id='word_1_7' title='bbox 895 269 910 297; x_wconf 65' lang='lat' dir='ltr'>a</span> <span class='ocrx_word' id='word_1_8' title='bbox 946 235 1123 305; x_wconf 78' lang='lat' dir='ltr'>atque</span> <span class='ocrx_word' id='word_1_9' title='bbox 1158 222 1232 283; x_wconf 81' lang='lat' dir='ltr'>ab</span> <span class='ocrx_word' id='word_1_10' title='bbox 1260 225 1399 306; x_wconf 88' lang='lat' dir='ltr'>ipsis</span> <span class='ocrx_word' id='word_1_11' title='bbox 1427 247 1551 287; x_wconf 89' lang='lat' dir='ltr'>non</span> <span class='ocrx_word' id='word_1_12' title='bbox 1576 229 1775 310; x_wconf 85' lang='lat' dir='ltr'>paucis</span> <span class='ocrx_word' id='word_1_13' title='bbox 1802 228 2220 291; x_wconf 84' lang='lat' dir='ltr'>recentioribus</span> <span class='ocrx_word' id='word_1_14' title='bbox 2251 230 2475 293; x_wconf 87' lang='lat' dir='ltr'>biblicis</span> 
     </span>
     <span class='ocr_line' id='line_1_3' title="bbox 338 318 2476 408; baseline 0.002 -24"><span class='ocrx_word' id='word_1_15' title='bbox 338 323 714 406; x_wconf 83' lang='lat' dir='ltr'>repudiatum</span> <span class='ocrx_word' id='word_1_16' title='bbox 742 319 954 401; x_wconf 78' lang='lat'>(1).20</span> <span class='ocrx_word' id='word_1_17' title='bbox 986 320 1041 377; x_wconf 90' lang='lat' dir='ltr'>S.</span> <span class='ocrx_word' id='word_1_18' title='bbox 1088 318 1450 401; x_wconf 84' lang='lat' dir='ltr'>Epiphanius</span> <span class='ocrx_word' id='word_1_19' title='bbox 1473 319 1734 404; x_wconf 87' lang='lat' dir='ltr'>loquitur</span> <span class='ocrx_word' id='word_1_20' title='bbox 1768 323 1878 384; x_wconf 85' lang='lat' dir='ltr'>loo.</span> <span class='ocrx_word' id='word_1_21' title='bbox 1907 325 2008 386; x_wconf 89' lang='lat' dir='ltr'>cit.</span> <span class='ocrx_word' id='word_1_22' title='bbox 2051 324 2124 384; x_wconf 89' lang='lat' dir='ltr'>de</span> <span class='ocrx_word' id='word_1_23' title='bbox 2162 326 2476 408; x_wconf 82' lang='lat' dir='ltr'>Evangelio</span> 
     </span>
     <span class='ocr_line' id='line_1_4' title="bbox 338 414 2475 502; baseline 0.002 -24"><span class='ocrx_word' id='word_1_24' title='bbox 338 418 610 479; x_wconf 85' lang='lat' dir='ltr'>hebraico</span> <span class='ocrx_word' id='word_1_25' title='bbox 646 419 703 476; x_wconf 87' lang='lat' dir='ltr'>S.</span> <span class='ocrx_word' id='word_1_26' title='bbox 745 414 1039 491; x_wconf 68' lang='lat' dir='ltr'>Matthaei,</span> <span class='ocrx_word' id='word_1_27' title='bbox 1077 437 1192 496; x_wconf 84' lang='lat' dir='ltr'>quo</span> <span class='ocrx_word' id='word_1_28' title='bbox 1228 414 1550 475; x_wconf 83' lang='lat' dir='ltr'>utebantur</span> <span class='ocrx_word' id='word_1_29' title='bbox 1593 416 1916 496; x_wconf 84' lang='lat' dir='ltr'>Ebionitae.,</span> <span class='ocrx_word' id='word_1_30' title='bbox 1959 420 2033 480; x_wconf 85' lang='lat' dir='ltr'>ab</span> <span class='ocrx_word' id='word_1_31' title='bbox 2069 420 2221 502; x_wconf 88' lang='lat' dir='ltr'>ipsis</span> <span class='ocrx_word' id='word_1_32' title='bbox 2247 424 2475 483; x_wconf 88' lang='lat' dir='ltr'>conciso</span> 
     </span>
     <span class='ocr_line' id='line_1_5' title="bbox 338 509 2474 599; baseline 0.002 -25"><span class='ocrx_word' id='word_1_33' title='bbox 338 526 398 574; x_wconf 88' lang='lat' dir='ltr'>et</span> <span class='ocrx_word' id='word_1_34' title='bbox 435 513 754 595; x_wconf 83' lang='lat' dir='ltr'>depravato</span> <span class='ocrx_word' id='word_1_35' title='bbox 789 511 920 592; x_wconf 76' lang='lat'>(2);</span> <span class='ocrx_word' id='word_1_36' title='bbox 965 532 1104 570; x_wconf 86' lang='lat' dir='ltr'>sane</span> <span class='ocrx_word' id='word_1_37' title='bbox 1133 509 1277 569; x_wconf 87' lang='lat' dir='ltr'><strong>ibid.</strong></span> <span class='ocrx_word' id='word_1_38' title='bbox 1329 534 1392 570; x_wconf 88' lang='lat' dir='ltr'>n.</span> <span class='ocrx_word' id='word_1_39' title='bbox 1434 511 1511 570; x_wconf 80' lang='lat'>14</span> <span class='ocrx_word' id='word_1_40' title='bbox 1533 557 1549 587; x_wconf 76' lang='grc'><em>,</em></span> <span class='ocrx_word' id='word_1_41' title='bbox 1581 513 1763 574; x_wconf 84' lang='lat' dir='ltr'><strong>refert</strong></span> <span class='ocrx_word' id='word_1_42' title='bbox 1782 516 1840 575; x_wconf 87' lang='lat' dir='ltr'>S.</span> <span class='ocrx_word' id='word_1_43' title='bbox 1874 516 2270 599; x_wconf 73' lang='lat' dir='ltr'>EpiphaniuS,</span> <span class='ocrx_word' id='word_1_44' title='bbox 2305 539 2338 576; x_wconf 85' lang='lat' dir='ltr'>a</span> <span class='ocrx_word' id='word_1_45' title='bbox 2368 519 2474 578; x_wconf 79' lang='lat' dir='ltr'>Ce-</span> 
     </span>
     <span class='ocr_line' id='line_1_6' title="bbox 338 606 2477 695; baseline 0.002 -26"><span class='ocrx_word' id='word_1_46' title='bbox 338 608 649 670; x_wconf 80' lang='lat' dir='ltr'>rinthianis</span> <span class='ocrx_word' id='word_1_47' title='bbox 684 608 980 688; x_wconf 84' lang='lat' dir='ltr'>integrum</span> <span class='ocrx_word' id='word_1_48' title='bbox 1004 606 1114 666; x_wconf 90' lang='lat' dir='ltr'>hoc</span> <span class='ocrx_word' id='word_1_49' title='bbox 1154 608 1349 689; x_wconf 89' lang='lat' dir='ltr'>ipsum</span> <span class='ocrx_word' id='word_1_50' title='bbox 1389 607 1768 688; x_wconf 82' lang='lat' dir='ltr'>Evangelium</span> <span class='ocrx_word' id='word_1_51' title='bbox 1813 632 1949 671; x_wconf 89' lang='lat' dir='ltr'>cum</span> <span class='ocrx_word' id='word_1_52' title='bbox 1987 612 2218 672; x_wconf 88' lang='lat' dir='ltr'>duobus</span> <span class='ocrx_word' id='word_1_53' title='bbox 2262 614 2477 695; x_wconf 85' lang='lat' dir='ltr'>priori-</span> 
     </span>
     <span class='ocr_line' id='line_1_7' title="bbox 338 702 2474 786; baseline 0.002 -21"><span class='ocrx_word' id='word_1_54' title='bbox 338 706 448 765; x_wconf 87' lang='lat' dir='ltr'>bus</span> <span class='ocrx_word' id='word_1_55' title='bbox 491 702 811 786; x_wconf 65' lang='lat' dir='ltr'>capitibus,</span> <span class='ocrx_word' id='word_1_56' title='bbox 862 724 928 763; x_wconf 84' lang='lat' dir='ltr'>ac</span> <span class='ocrx_word' id='word_1_57' title='bbox 981 715 1290 786; x_wconf 84' lang='lat' dir='ltr'>propterea</span> <span class='ocrx_word' id='word_1_58' title='bbox 1326 724 1460 762; x_wconf 89' lang='lat' dir='ltr'>cum</span> <span class='ocrx_word' id='word_1_59' title='bbox 1503 704 1834 786; x_wconf 80' lang='lat' dir='ltr'>genealogia</span> <span class='ocrx_word' id='word_1_60' title='bbox 1886 707 2061 769; x_wconf 87' lang='lat' dir='ltr'>fuisse</span> <span class='ocrx_word' id='word_1_61' title='bbox 2113 720 2414 770; x_wconf 86' lang='lat' dir='ltr'>retentum</span> <span class='ocrx_word' id='word_1_62' title='bbox 2457 736 2474 785; x_wconf 67' lang='grc' dir='ltr'><strong>ς</strong></span> 
     </span>
     <span class='ocr_line' id='line_1_8' title="bbox 337 798 2475 885; baseline 0.003 -26"><span class='ocrx_word' id='word_1_63' title='bbox 337 802 398 859; x_wconf 89' lang='lat' dir='ltr'>in</span> <span class='ocrx_word' id='word_1_64' title='bbox 430 798 743 883; x_wconf 82' lang='lat' dir='ltr'>hypothesi</span> <span class='ocrx_word' id='word_1_65' title='bbox 784 810 1095 882; x_wconf 85' lang='lat' dir='ltr'>propterea</span> <span class='ocrx_word' id='word_1_66' title='bbox 1142 798 1458 859; x_wconf 81' lang='lat' dir='ltr'>adversarii</span> <span class='ocrx_word' id='word_1_67' title='bbox 1503 799 1575 860; x_wconf 89' lang='lat' dir='ltr'>de</span> <span class='ocrx_word' id='word_1_68' title='bbox 1620 801 1937 885; x_wconf 75' lang='lat' dir='ltr'>archetypo</span> <span class='ocrx_word' id='word_1_69' title='bbox 1979 825 2264 881; x_wconf 76' lang='lat' dir='ltr'>aramaeo‚</span> <span class='ocrx_word' id='word_1_70' title='bbox 2310 828 2475 866; x_wconf 87' lang='lat' dir='ltr'>men·</span> 
     </span>
     <span class='ocr_line' id='line_1_9' title="bbox 339 893 2475 982; baseline 0.002 -26"><span class='ocrx_word' id='word_1_71' title='bbox 339 896 486 956; x_wconf 85' lang='lat' dir='ltr'>dacii</span> <span class='ocrx_word' id='word_1_72' title='bbox 511 897 635 980; x_wconf 92' lang='lat' dir='ltr'>ipse</span> <span class='ocrx_word' id='word_1_73' title='bbox 659 896 1026 956; x_wconf 86' lang='lat' dir='ltr'>convincitur</span> <span class='ocrx_word' id='word_1_74' title='bbox 1043 941 1058 971; x_wconf 81' lang='lat'>.,</span> <span class='ocrx_word' id='word_1_75' title='bbox 1079 894 1222 954; x_wconf 89' lang='lat' dir='ltr'>dum</span> <span class='ocrx_word' id='word_1_76' title='bbox 1248 896 1451 955; x_wconf 84' lang='lat' dir='ltr'>asserit</span> <span class='ocrx_word' id='word_1_77' title='bbox 1473 941 1488 970; x_wconf 83' lang='lat'>.,</span> <span class='ocrx_word' id='word_1_78' title='bbox 1518 896 1845 979; x_wconf 81' lang='lat' dir='ltr'>Epiphanio</span> <span class='ocrx_word' id='word_1_79' title='bbox 1865 910 2014 960; x_wconf 85' lang='lat' dir='ltr'>teste</span> <span class='ocrx_word' id='word_1_80' title='bbox 2031 893 2050 974; x_wconf 66' lang='lat'>5</span> <span class='ocrx_word' id='word_1_81' title='bbox 2072 899 2162 960; x_wconf 83' lang='lat' dir='ltr'>his</span> <span class='ocrx_word' id='word_1_82' title='bbox 2189 901 2475 982; x_wconf 76' lang='lat' dir='ltr'>capitibus</span> 
     </span>
     <span class='ocr_line' id='line_1_10' title="bbox 338 991 2474 1074; baseline 0.002 -22"><span class='ocrx_word' id='word_1_83' title='bbox 338 992 724 1074; x_wconf 82' lang='lat' dir='ltr'>archetypum</span> <span class='ocrx_word' id='word_1_84' title='bbox 751 991 1098 1051; x_wconf 88' lang='lat' dir='ltr'>destitutum</span> <span class='ocrx_word' id='word_1_85' title='bbox 1137 991 1312 1051; x_wconf 88' lang='lat' dir='ltr'>fuisse</span> <span class='ocrx_word' id='word_1_86' title='bbox 1348 991 1476 1072; x_wconf 76' lang='lat'><strong>(3);</strong></span> <span class='ocrx_word' id='word_1_87' title='bbox 1507 992 1766 1074; x_wconf 85' lang='lat' dir='ltr'>idipsum</span> <span class='ocrx_word' id='word_1_88' title='bbox 1796 993 2023 1054; x_wconf 84' lang='lat' dir='ltr'>dicatur</span> <span class='ocrx_word' id='word_1_89' title='bbox 2056 995 2131 1057; x_wconf 89' lang='lat' dir='ltr'>de</span> <span class='ocrx_word' id='word_1_90' title='bbox 2169 998 2436 1057; x_wconf 78' lang='lat' dir='ltr'>Nazareis</span> <span class='ocrx_word' id='word_1_91' title='bbox 2457 1043 2474 1072; x_wconf 82' lang='lat'><strong><em>‚</em></strong></span> 
     </span>
     <span class='ocr_line' id='line_1_11' title="bbox 341 1087 2479 1174; baseline 0.002 -26"><span class='ocrx_word' id='word_1_92' title='bbox 341 1090 441 1171; x_wconf 89' lang='lat' dir='ltr'>qui</span> <span class='ocrx_word' id='word_1_93' title='bbox 465 1087 747 1148; x_wconf 89' lang='lat' dir='ltr'>Ebionitis</span> <span class='ocrx_word' id='word_1_94' title='bbox 781 1100 883 1148; x_wconf 84' lang='lat' dir='ltr'>aut</span> <span class='ocrx_word' id='word_1_95' title='bbox 908 1087 1227 1147; x_wconf 80' lang='lat' dir='ltr'>anteriores</span> <span class='ocrx_word' id='word_1_96' title='bbox 1262 1087 1502 1147; x_wconf 83' lang='lat' dir='ltr'>fuerunt</span> <span class='ocrx_word' id='word_1_97' title='bbox 1524 1099 1625 1147; x_wconf 85' lang='lat' dir='ltr'>aut</span> <span class='ocrx_word' id='word_1_98' title='bbox 1651 1090 1831 1150; x_wconf 83' lang='lat' dir='ltr'>coaevi</span> <span class='ocrx_word' id='word_1_99' title='bbox 1853 1136 1867 1165; x_wconf 72' lang='grc'><em>,</em></span> <span class='ocrx_word' id='word_1_100' title='bbox 1905 1092 2122 1174; x_wconf 86' lang='lat' dir='ltr'>quique</span> <span class='ocrx_word' id='word_1_101' title='bbox 2141 1137 2156 1165; x_wconf 89' lang='lat'>.,</span> <span class='ocrx_word' id='word_1_102' title='bbox 2188 1091 2316 1174; x_wconf 89' lang='lat' dir='ltr'>ipso</span> <span class='ocrx_word' id='word_1_103' title='bbox 2338 1093 2479 1174; x_wconf 90' lang='lat' dir='ltr'>Epi-</span> 
     </span>
     <span class='ocr_line' id='line_1_12' title="bbox 338 1184 2477 1269; baseline 0.002 -25"><span class='ocrx_word' id='word_1_104' title='bbox 338 1186 560 1268; x_wconf 81' lang='lat' dir='ltr'>phanio</span> <span class='ocrx_word' id='word_1_105' title='bbox 589 1196 877 1258; x_wconf 65' lang='lat' dir='ltr'>testante.</span> <span class='ocrx_word' id='word_1_106' title='bbox 906 1187 1150 1245; x_wconf 72' lang='lat' dir='ltr'>Haeresz·</span> <span class='ocrx_word' id='word_1_107' title='bbox 1175 1184 1420 1257; x_wconf 85' lang='lat' dir='ltr'><strong><em>XXIX,</em></strong></span> <span class='ocrx_word' id='word_1_108' title='bbox 1456 1207 1517 1244; x_wconf 89' lang='lat' dir='ltr'>n.</span> <span class='ocrx_word' id='word_1_109' title='bbox 1549 1184 1586 1244; x_wconf 84' lang='lat'>9</span> <span class='ocrx_word' id='word_1_110' title='bbox 1608 1231 1624 1261; x_wconf 62' lang='lat' dir='ltr'>a</span> <span class='ocrx_word' id='word_1_111' title='bbox 1659 1185 1867 1246; x_wconf 87' lang='lat' dir='ltr'>eodem</span> <span class='ocrx_word' id='word_1_112' title='bbox 1901 1187 2214 1267; x_wconf 82' lang='lat' dir='ltr'>Evangelio</span> <span class='ocrx_word' id='word_1_113' title='bbox 2250 1189 2477 1269; x_wconf 85' lang='lat' dir='ltr'>integro</span> 
     </span>
    </p>
   </div>
   <div class='ocr_carea' id='block_1_2' title="bbox 339 1281 2472 1364">
    <p class='ocr_par' dir='ltr' id='par_1_3' title="bbox 339 1275 2472 1364">
     <span class='ocr_line' id='line_1_13' title="bbox 339 1281 2472 1364; baseline 0.002 -23"><span class='ocrx_word' id='word_1_114' title='bbox 339 1282 663 1344; x_wconf 86' lang='lat' dir='ltr'>utebantur</span> <span class='ocrx_word' id='word_1_115' title='bbox 680 1282 791 1364; x_wconf 74' lang='lat'>(4).</span> <span class='ocrx_word' id='word_1_116' title='bbox 821 1282 914 1341; x_wconf 91' lang='lat' dir='ltr'>Sic</span> <span class='ocrx_word' id='word_1_117' title='bbox 929 1282 1213 1341; x_wconf 89' lang='lat' dir='ltr'>mentitus</span> <span class='ocrx_word' id='word_1_118' title='bbox 1242 1281 1462 1364; x_wconf 85' lang='lat' dir='ltr'>pariter</span> <span class='ocrx_word' id='word_1_119' title='bbox 1490 1294 1578 1341; x_wconf 87' lang='lat' dir='ltr'>est</span> <span class='ocrx_word' id='word_1_120' title='bbox 1600 1283 2029 1364; x_wconf 78' lang='lat' dir='ltr'>Wegscheider‚</span> <span class='ocrx_word' id='word_1_121' title='bbox 2060 1284 2204 1345; x_wconf 89' lang='lat' dir='ltr'>dum</span> <span class='ocrx_word' id='word_1_122' title='bbox 2227 1284 2431 1345; x_wconf 85' lang='lat' dir='ltr'>scribit</span> <span class='ocrx_word' id='word_1_123' title='bbox 2455 1331 2472 1362; x_wconf 72' lang='lat'>‚</span> 
     </span>
    </p>
   </div>
   <div class='ocr_carea' id='block_1_3' title="bbox 340 1472 1377 3693">
    <p class='ocr_par' dir='ltr' id='par_1_4' title="bbox 340 1472 1377 3693">
     <span class='ocr_line' id='line_1_14' title="bbox 410 1472 1361 1542; baseline -0.004 -18"><span class='ocrx_word' id='word_1_124' title='bbox 410 1477 474 1539; x_wconf 89' lang='lat' dir='ltr'>(l)</span> <span class='ocrx_word' id='word_1_125' title='bbox 513 1476 614 1525; x_wconf 87' lang='lat' dir='ltr'>Hoc</span> <span class='ocrx_word' id='word_1_126' title='bbox 637 1485 834 1542; x_wconf 76' lang='lat' dir='ltr'>systema</span> <span class='ocrx_word' id='word_1_127' title='bbox 855 1474 911 1523; x_wconf 91' lang='lat' dir='ltr'>de</span> <span class='ocrx_word' id='word_1_128' title='bbox 939 1476 1181 1523; x_wconf 89' lang='lat' dir='ltr'>communi</span> <span class='ocrx_word' id='word_1_129' title='bbox 1204 1472 1361 1522; x_wconf 83' lang='lat' dir='ltr'>Evan-</span> 
     </span>
     <span class='ocr_line' id='line_1_15' title="bbox 345 1555 1360 1624; baseline -0.004 -17"><span class='ocrx_word' id='word_1_130' title='bbox 345 1559 613 1624; x_wconf 84' lang='lat' dir='ltr'>gelistarum</span> <span class='ocrx_word' id='word_1_131' title='bbox 651 1559 776 1606; x_wconf 85' lang='lat' dir='ltr'>fonte</span> <span class='ocrx_word' id='word_1_132' title='bbox 801 1559 852 1604; x_wconf 91' lang='lat' dir='ltr'>in</span> <span class='ocrx_word' id='word_1_133' title='bbox 887 1555 1135 1622; x_wconf 85' lang='lat' dir='ltr'>archetypo</span> <span class='ocrx_word' id='word_1_134' title='bbox 1161 1573 1360 1604; x_wconf 81' lang='lat' dir='ltr'>aramoeo</span> 
     </span>
     <span class='ocr_line' id='line_1_16' title="bbox 340 1641 1364 1708; baseline -0.004 -18"><span class='ocrx_word' id='word_1_135' title='bbox 340 1644 435 1691; x_wconf 87' lang='lat' dir='ltr'>sive</span> <span class='ocrx_word' id='word_1_136' title='bbox 477 1641 851 1708; x_wconf 78' lang='lat' dir='ltr'>syro-chaldaico</span> <span class='ocrx_word' id='word_1_137' title='bbox 897 1642 1074 1705; x_wconf 83' lang='lat' dir='ltr'>primus</span> <span class='ocrx_word' id='word_1_138' title='bbox 1114 1641 1364 1687; x_wconf 86' lang='lat' dir='ltr'>insinuavit</span> 
     </span>
     <span class='ocr_line' id='line_1_17' title="bbox 341 1721 1362 1787; baseline -0.001 -15"><span class='ocrx_word' id='word_1_139' title='bbox 341 1723 550 1773; x_wconf 82' lang='lat' dir='ltr'>Clericus</span> <span class='ocrx_word' id='word_1_140' title='bbox 564 1760 578 1782; x_wconf 86' lang='lat'>,</span> <span class='ocrx_word' id='word_1_141' title='bbox 595 1722 659 1771; x_wconf 91' lang='lat' dir='ltr'><em>H</em></span> <span class='ocrx_word' id='word_1_142' title='bbox 658 1725 734 1772; x_wconf 81' lang='lat' dir='ltr'>ist.</span> <span class='ocrx_word' id='word_1_143' title='bbox 751 1721 859 1770; x_wconf 85' lang='lat' dir='ltr'>eccl.</span> <span class='ocrx_word' id='word_1_144' title='bbox 878 1722 1018 1770; x_wconf 74' lang='grc' dir='ltr'>εἰη-ον.</span> <span class='ocrx_word' id='word_1_145' title='bbox 1030 1724 1184 1787; x_wconf 80' lang='lat' dir='ltr'>prim.</span> <span class='ocrx_word' id='word_1_146' title='bbox 1203 1721 1362 1771; x_wconf 76' lang='lat' dir='ltr'>soecul.</span> 
     </span>
     <span class='ocr_line' id='line_1_18' title="bbox 342 1804 1364 1873; baseline -0.003 -18"><span class='ocrx_word' id='word_1_147' title='bbox 342 1806 533 1855; x_wconf 78' lang='lat' dir='ltr'>Amstel.</span> <span class='ocrx_word' id='word_1_148' title='bbox 563 1823 578 1853; x_wconf 80' lang='grc' dir='ltr'><strong><em>ι</em></strong></span> <span class='ocrx_word' id='word_1_149' title='bbox 593 1804 714 1873; x_wconf 83' lang='lat'>7163</span> <span class='ocrx_word' id='word_1_150' title='bbox 740 1807 1032 1855; x_wconf 79' lang='lat' dir='ltr'>confirmavit</span> <span class='ocrx_word' id='word_1_151' title='bbox 1050 1805 1284 1854; x_wconf 88' lang='lat' dir='ltr'>Semlerus</span> <span class='ocrx_word' id='word_1_152' title='bbox 1304 1806 1364 1853; x_wconf 83' lang='lat' dir='ltr'>ad</span> 
     </span>
     <span class='ocr_line' id='line_1_19' title="bbox 355 1888 1367 1953; baseline -0.003 -15"><span class='ocrx_word' id='word_1_153' title='bbox 355 1890 407 1938; x_wconf 91' lang='lat' dir='ltr'><em>T</em></span> <span class='ocrx_word' id='word_1_154' title='bbox 405 1907 583 1949; x_wconf 72' lang='lat' dir='ltr'>owwn,</span> <span class='ocrx_word' id='word_1_155' title='bbox 602 1888 1000 1953; x_wconf 76' lang='lat' dir='ltr'>Abhandlunqen</span> <span class='ocrx_word' id='word_1_156' title='bbox 1017 1889 1136 1936; x_wconf 67' lang='lat' dir='ltr'>‘tiber</span> <span class='ocrx_word' id='word_1_157' title='bbox 1157 1889 1236 1935; x_wconf 85' lang='lat' dir='ltr'>die</span> <span class='ocrx_word' id='word_1_158' title='bbox 1261 1889 1367 1935; x_wconf 76' lang='lat' dir='ltr'>vier-</span> 
     </span>
     <span class='ocr_line' id='line_1_20' title="bbox 346 1970 1362 2037; baseline -0.004 -15"><span class='ocrx_word' id='word_1_159' title='bbox 346 1973 399 2022; x_wconf 84' lang='grc' dir='ltr'><em>Ε</em></span> <span class='ocrx_word' id='word_1_160' title='bbox 402 1972 657 2037; x_wconf 73' lang='lat' dir='ltr'>vanqelien</span> <span class='ocrx_word' id='word_1_161' title='bbox 670 2010 686 2034; x_wconf 90' lang='lat'><strong><em>,</em></strong></span> <span class='ocrx_word' id='word_1_162' title='bbox 711 1991 792 2022; x_wconf 87' lang='lat' dir='ltr'>seu</span> <span class='ocrx_word' id='word_1_163' title='bbox 825 1989 838 2020; x_wconf 72' lang='grc' dir='ltr'><strong><em>ε</em></strong></span> <span class='ocrx_word' id='word_1_164' title='bbox 876 1970 927 2020; x_wconf 88' lang='lat' dir='ltr'><em>T</em></span> <span class='ocrx_word' id='word_1_165' title='bbox 925 1980 1137 2019; x_wconf 74' lang='lat' dir='ltr'>ructatus</span> <span class='ocrx_word' id='word_1_166' title='bbox 1161 1974 1216 2019; x_wconf 81' lang='lat' dir='ltr'>in</span> <span class='ocrx_word' id='word_1_167' title='bbox 1242 1987 1362 2035; x_wconf 79' lang='lat' dir='ltr'>qua·</span> 
     </span>
     <span class='ocr_line' id='line_1_21' title="bbox 342 2052 1362 2120; baseline -0.001 -17"><span class='ocrx_word' id='word_1_168' title='bbox 342 2064 453 2104; x_wconf 75' lang='lat' dir='ltr'>tuor</span> <span class='ocrx_word' id='word_1_169' title='bbox 479 2052 756 2120; x_wconf 68' lang='lat' dir='ltr'>evavzqelia,</span> <span class='ocrx_word' id='word_1_170' title='bbox 790 2065 909 2120; x_wconf 84' lang='lat' dir='ltr'>part.</span> <span class='ocrx_word' id='word_1_171' title='bbox 941 2071 987 2113; x_wconf 88' lang='lat'>1,</span> <span class='ocrx_word' id='word_1_172' title='bbox 1020 2072 1070 2119; x_wconf 88' lang='lat' dir='ltr'>p.</span> <span class='ocrx_word' id='word_1_173' title='bbox 1103 2069 1362 2119; x_wconf 82' lang='lat'>221-2903</span> 
     </span>
     <span class='ocr_line' id='line_1_22' title="bbox 345 2133 1364 2202; baseline -0.003 -16"><span class='ocrx_word' id='word_1_174' title='bbox 345 2138 562 2202; x_wconf 81' lang='lat' dir='ltr'>Lessing,</span> <span class='ocrx_word' id='word_1_175' title='bbox 605 2136 831 2202; x_wconf 74' lang='lat' dir='ltr'>Theoloq.</span> <span class='ocrx_word' id='word_1_176' title='bbox 856 2135 1095 2186; x_wconf 76' lang='lat' dir='ltr'>Nachlass</span> <span class='ocrx_word' id='word_1_177' title='bbox 1111 2172 1127 2198; x_wconf 87' lang='lat'>‚</span> <span class='ocrx_word' id='word_1_178' title='bbox 1159 2154 1266 2202; x_wconf 82' lang='lat' dir='ltr'>pag.</span> <span class='ocrx_word' id='word_1_179' title='bbox 1295 2133 1364 2198; x_wconf 74' lang='grc'>45</span> 
     </span>
     <span class='ocr_line' id='line_1_23' title="bbox 345 2217 1367 2287; baseline -0.005 -17"><span class='ocrx_word' id='word_1_180' title='bbox 345 2227 392 2270; x_wconf 89' lang='lat' dir='ltr'>et</span> <span class='ocrx_word' id='word_1_181' title='bbox 417 2237 574 2287; x_wconf 87' lang='lat' dir='ltr'>seqq.;</span> <span class='ocrx_word' id='word_1_182' title='bbox 604 2220 910 2287; x_wconf 84' lang='lat' dir='ltr'>Niemeyerus</span> <span class='ocrx_word' id='word_1_183' title='bbox 929 2258 941 2282; x_wconf 85' lang='lat'>‚</span> <span class='ocrx_word' id='word_1_184' title='bbox 972 2220 1273 2287; x_wconf 75' lang='lat' dir='ltr'>Conjecturoe</span> <span class='ocrx_word' id='word_1_185' title='bbox 1301 2217 1367 2268; x_wconf 84' lang='lat' dir='ltr'>ad</span> 
     </span>
     <span class='ocr_line' id='line_1_24' title="bbox 343 2302 1366 2370; baseline -0.003 -18"><span class='ocrx_word' id='word_1_186' title='bbox 343 2302 688 2352; x_wconf 71' lang='lat' dir='ltr'>illustrandum</span> <span class='ocrx_word' id='word_1_187' title='bbox 698 2302 1027 2370; x_wconf 81' lang='lat' dir='ltr'>plurimorum</span> <span class='ocrx_word' id='word_1_188' title='bbox 1047 2303 1111 2353; x_wconf 88' lang='lat' dir='ltr'>N.</span> <span class='ocrx_word' id='word_1_189' title='bbox 1139 2303 1199 2351; x_wconf 89' lang='lat' dir='ltr'>T.</span> <span class='ocrx_word' id='word_1_190' title='bbox 1218 2304 1366 2368; x_wconf 73' lang='lat' dir='ltr'>scrip-</span> 
     </span>
     <span class='ocr_line' id='line_1_25' title="bbox 344 2385 1366 2453; baseline 0 -19"><span class='ocrx_word' id='word_1_191' title='bbox 344 2396 502 2435; x_wconf 79' lang='lat' dir='ltr'>torum</span> <span class='ocrx_word' id='word_1_192' title='bbox 542 2386 792 2435; x_wconf 70' lang='lat' dir='ltr'>silentium</span> <span class='ocrx_word' id='word_1_193' title='bbox 831 2386 891 2446; x_wconf 78' lang='lat' dir='ltr'>¹de</span> <span class='ocrx_word' id='word_1_194' title='bbox 925 2385 1218 2453; x_wconf 75' lang='lat' dir='ltr'>primordiis</span> <span class='ocrx_word' id='word_1_195' title='bbox 1252 2386 1366 2434; x_wconf 83' lang='lat' dir='ltr'>vitae</span> 
     </span>
     <span class='ocr_line' id='line_1_26' title="bbox 343 2469 1368 2539; baseline -0.004 -21"><span class='ocrx_word' id='word_1_196' title='bbox 343 2470 401 2520; x_wconf 89' lang='lat' dir='ltr'>J.</span> <span class='ocrx_word' id='word_1_197' title='bbox 425 2470 484 2520; x_wconf 86' lang='lat' dir='ltr'>C.</span> <span class='ocrx_word' id='word_1_198' title='bbox 523 2471 651 2520; x_wconf 83' lang='lat' dir='ltr'><strong>Halae</strong></span> <span class='ocrx_word' id='word_1_199' title='bbox 684 2487 810 2539; x_wconf 84' lang='lat'><strong>1790</strong></span> <span class='ocrx_word' id='word_1_200' title='bbox 829 2507 842 2528; x_wconf 88' lang='lat'>,</span> <span class='ocrx_word' id='word_1_201' title='bbox 874 2470 1011 2518; x_wconf 88' lang='lat' dir='ltr'>Godl.</span> <span class='ocrx_word' id='word_1_202' title='bbox 1047 2469 1248 2532; x_wconf 80' lang='lat' dir='ltr'>Paulus,</span> <span class='ocrx_word' id='word_1_203' title='bbox 1277 2470 1368 2515; x_wconf 77' lang='lat' dir='ltr'>In-</span> 
     </span>
     <span class='ocr_line' id='line_1_27' title="bbox 345 2551 1362 2619; baseline -0.005 -17"><span class='ocrx_word' id='word_1_204' title='bbox 345 2554 579 2604; x_wconf 79' lang='lat' dir='ltr'>troductio</span> <span class='ocrx_word' id='word_1_205' title='bbox 607 2557 663 2602; x_wconf 77' lang='lat' dir='ltr'>in</span> <span class='ocrx_word' id='word_1_206' title='bbox 693 2554 763 2604; x_wconf 90' lang='lat' dir='ltr'>N.</span> <span class='ocrx_word' id='word_1_207' title='bbox 802 2553 870 2603; x_wconf 86' lang='lat' dir='ltr'>T.</span> <span class='ocrx_word' id='word_1_208' title='bbox 900 2555 1064 2619; x_wconf 81' lang='lat' dir='ltr'>capita</span> <span class='ocrx_word' id='word_1_209' title='bbox 1088 2551 1362 2612; x_wconf 73' lang='lat' dir='ltr'>selectiora,</span> 
     </span>
     <span class='ocr_line' id='line_1_28' title="bbox 348 2634 1367 2704; baseline -0.003 -18"><span class='ocrx_word' id='word_1_210' title='bbox 348 2638 469 2686; x_wconf 81' lang='lat' dir='ltr'>lenae</span> <span class='ocrx_word' id='word_1_211' title='bbox 504 2654 651 2704; x_wconf 85' lang='lat'><strong>¹799·</strong></span> <span class='ocrx_word' id='word_1_212' title='bbox 688 2637 811 2685; x_wconf 81' lang='lat' dir='ltr'>Illud</span> <span class='ocrx_word' id='word_1_213' title='bbox 849 2638 1044 2685; x_wconf 89' lang='lat' dir='ltr'>demum</span> <span class='ocrx_word' id='word_1_214' title='bbox 1078 2637 1200 2684; x_wconf 83' lang='lat' dir='ltr'>vario</span> <span class='ocrx_word' id='word_1_215' title='bbox 1228 2634 1367 2683; x_wconf 85' lang='lat' dir='ltr'>modo</span> 
     </span>
     <span class='ocr_line' id='line_1_29' title="bbox 348 2717 1367 2784; baseline -0.004 -16"><span class='ocrx_word' id='word_1_216' title='bbox 348 2730 635 2769; x_wconf 81' lang='lat' dir='ltr'>exornarunt</span> <span class='ocrx_word' id='word_1_217' title='bbox 676 2719 914 2767; x_wconf 84' lang='lat' dir='ltr'>Eichhorn</span> <span class='ocrx_word' id='word_1_218' title='bbox 949 2756 962 2781; x_wconf 85' lang='lat'><strong>,</strong></span> <span class='ocrx_word' id='word_1_219' title='bbox 1011 2717 1221 2784; x_wconf 74' lang='lat' dir='ltr'>Allqem.</span> <span class='ocrx_word' id='word_1_220' title='bbox 1269 2717 1367 2765; x_wconf 76' lang='lat' dir='ltr'>Bi·-</span> 
     </span>
     <span class='ocr_line' id='line_1_30' title="bbox 347 2799 1368 2861; baseline -0.004 -11"><span class='ocrx_word' id='word_1_221' title='bbox 347 2802 512 2851; x_wconf 77' lang='lat' dir='ltr'>blioth.</span> <span class='ocrx_word' id='word_1_222' title='bbox 543 2801 629 2850; x_wconf 85' lang='lat' dir='ltr'>der</span> <span class='ocrx_word' id='word_1_223' title='bbox 657 2799 774 2849; x_wconf 84' lang='lat' dir='ltr'>bibl.</span> <span class='ocrx_word' id='word_1_224' title='bbox 805 2801 1106 2861; x_wconf 79' lang='lat' dir='ltr'>Litteratur‚</span> <span class='ocrx_word' id='word_1_225' title='bbox 1138 2819 1214 2849; x_wconf 89' lang='lat' dir='ltr'>seu</span> <span class='ocrx_word' id='word_1_226' title='bbox 1240 2800 1368 2847; x_wconf 79' lang='lat' dir='ltr'>:Bi-</span> 
     </span>
     <span class='ocr_line' id='line_1_31' title="bbox 348 2881 1371 2934; baseline -0.006 0"><span class='ocrx_word' id='word_1_227' title='bbox 348 2884 578 2934; x_wconf 71' lang='lat' dir='ltr'>bliotheca</span> <span class='ocrx_word' id='word_1_228' title='bbox 608 2882 897 2932; x_wconf 75' lang='lat' dir='ltr'>universalis</span> <span class='ocrx_word' id='word_1_229' title='bbox 921 2881 1202 2931; x_wconf 74' lang='lat' dir='ltr'>litteraturoe</span> <span class='ocrx_word' id='word_1_230' title='bbox 1224 2881 1371 2930; x_wconf 74' lang='lat' dir='ltr'>bibli-</span> 
     </span>
     <span class='ocr_line' id='line_1_32' title="bbox 349 2964 1367 3030; baseline -0.006 -13"><span class='ocrx_word' id='word_1_231' title='bbox 349 2986 416 3017; x_wconf 85' lang='lat' dir='ltr'>cae</span> <span class='ocrx_word' id='word_1_232' title='bbox 433 2985 454 3030; x_wconf 77' lang='lat'>,⁶</span> <span class='ocrx_word' id='word_1_233' title='bbox 483 2966 637 3016; x_wconf 82' lang='lat' dir='ltr'>Marsh</span> <span class='ocrx_word' id='word_1_234' title='bbox 661 3006 673 3027; x_wconf 90' lang='lat'><strong>‚</strong></span> <span class='ocrx_word' id='word_1_235' title='bbox 705 2966 942 3015; x_wconf 76' lang='lat' dir='ltr'>Amnerk.</span> <span class='ocrx_word' id='word_1_236' title='bbox 977 2965 1084 3013; x_wconf 80' lang='lat' dir='ltr'>und</span> <span class='ocrx_word' id='word_1_237' title='bbox 1116 2964 1167 3012; x_wconf 91' lang='lat' dir='ltr'><em>Z</em></span> <span class='ocrx_word' id='word_1_238' title='bbox 1169 2969 1334 3012; x_wconf 69' lang='lat' dir='ltr'>uslitze</span> <span class='ocrx_word' id='word_1_239' title='bbox 1355 3002 1367 3024; x_wconf 93' lang='lat'><strong>‚</strong></span> 
     </span>
     <span class='ocr_line' id='line_1_33' title="bbox 350 3047 1370 3115; baseline -0.005 -17"><span class='ocrx_word' id='word_1_240' title='bbox 350 3057 443 3099; x_wconf 62' lang='lat' dir='ltr'>etc.</span> <span class='ocrx_word' id='word_1_241' title='bbox 473 3069 550 3099; x_wconf 78' lang='lat' dir='ltr'>seu</span> <span class='ocrx_word' id='word_1_242' title='bbox 573 3089 585 3111; x_wconf 85' lang='lat'>‚</span> <span class='ocrx_word' id='word_1_243' title='bbox 615 3050 756 3099; x_wconf 83' lang='lat' dir='ltr'>Notoe</span> <span class='ocrx_word' id='word_1_244' title='bbox 783 3059 827 3098; x_wconf 82' lang='lat' dir='ltr'>et</span> <span class='ocrx_word' id='word_1_245' title='bbox 846 3048 1171 3115; x_wconf 77' lang='lat' dir='ltr'>appendices,-</span> <span class='ocrx_word' id='word_1_246' title='bbox 1204 3047 1341 3095; x_wconf 83' lang='lat' dir='ltr'>Gratz</span> <span class='ocrx_word' id='word_1_247' title='bbox 1358 3085 1370 3107; x_wconf 94' lang='lat'>,</span> 
     </span>
     <span class='ocr_line' id='line_1_34' title="bbox 352 3130 1371 3192; baseline -0.006 -11"><span class='ocrx_word' id='word_1_248' title='bbox 352 3133 519 3183; x_wconf 82' lang='lat' dir='ltr'>Neuer</span> <span class='ocrx_word' id='word_1_249' title='bbox 538 3131 593 3181; x_wconf 91' lang='lat' dir='ltr'><em>V</em></span> <span class='ocrx_word' id='word_1_250' title='bbox 591 3132 780 3192; x_wconf 69' lang='lat' dir='ltr'>emach,</span> <span class='ocrx_word' id='word_1_251' title='bbox 796 3144 887 3182; x_wconf 88' lang='lat' dir='ltr'>etc.</span> <span class='ocrx_word' id='word_1_252' title='bbox 904 3132 1040 3191; x_wconf 80' lang='lat' dir='ltr'>idest,</span> <span class='ocrx_word' id='word_1_253' title='bbox 1059 3130 1249 3179; x_wconf 78' lang='lat' dir='ltr'>Novum</span> <span class='ocrx_word' id='word_1_254' title='bbox 1270 3138 1371 3177; x_wconf 78' lang='lat' dir='ltr'>ten-</span> 
     </span>
     <span class='ocr_line' id='line_1_35' title="bbox 354 3211 1370 3279; baseline -0.004 -17"><span class='ocrx_word' id='word_1_255' title='bbox 354 3225 514 3264; x_wconf 75' lang='lat' dir='ltr'>tamen</span> <span class='ocrx_word' id='word_1_256' title='bbox 528 3252 542 3279; x_wconf 89' lang='lat'>,</span> <span class='ocrx_word' id='word_1_257' title='bbox 566 3227 656 3277; x_wconf 64' lang='grc' dir='ltr'>ειυς</span> <span class='ocrx_word' id='word_1_258' title='bbox 678 3216 943 3275; x_wconf 83' lang='lat' dir='ltr'>Bertholdt‚</span> <span class='ocrx_word' id='word_1_259' title='bbox 973 3212 1139 3263; x_wconf 75' lang='lat' dir='ltr'>Theol.</span> <span class='ocrx_word' id='word_1_260' title='bbox 1160 3211 1214 3261; x_wconf 90' lang='lat' dir='ltr'><em>E</em></span> <span class='ocrx_word' id='word_1_261' title='bbox 1216 3211 1370 3260; x_wconf 65' lang='lat' dir='ltr'>ivdeit.</span> 
     </span>
     <span class='ocr_line' id='line_1_36' title="bbox 354 3295 1374 3363; baseline -0.005 -16"><span class='ocrx_word' id='word_1_262' title='bbox 354 3318 434 3349; x_wconf 80' lang='lat' dir='ltr'>scu</span> <span class='ocrx_word' id='word_1_263' title='bbox 466 3295 771 3347; x_wconf 77' lang='lat' dir='ltr'>Introductio</span> <span class='ocrx_word' id='word_1_264' title='bbox 810 3297 1067 3363; x_wconf 74' lang='lat' dir='ltr'>theoloqica</span> <span class='ocrx_word' id='word_1_265' title='bbox 1088 3318 1107 3356; x_wconf 90' lang='lat'><em>;</em></span> <span class='ocrx_word' id='word_1_266' title='bbox 1144 3306 1374 3362; x_wconf 84' lang='lat' dir='ltr'>postremo</span> 
     </span>
     <span class='ocr_line' id='line_1_37' title="bbox 352 3378 1376 3446; baseline -0.003 -18"><span class='ocrx_word' id='word_1_267' title='bbox 352 3399 459 3430; x_wconf 80' lang='lat' dir='ltr'>vero</span> <span class='ocrx_word' id='word_1_268' title='bbox 479 3381 708 3440; x_wconf 83' lang='lat' dir='ltr'>Kuinoel,</span> <span class='ocrx_word' id='word_1_269' title='bbox 730 3384 780 3428; x_wconf 88' lang='lat' dir='ltr'>in</span> <span class='ocrx_word' id='word_1_270' title='bbox 806 3379 991 3446; x_wconf 72' lang='lat' dir='ltr'>Proleq.</span> <span class='ocrx_word' id='word_1_271' title='bbox 1017 3379 1083 3429; x_wconf 81' lang='lat' dir='ltr'>ad</span> <span class='ocrx_word' id='word_1_272' title='bbox 1107 3378 1291 3428; x_wconf 87' lang='lat' dir='ltr'>Comm.</span> <span class='ocrx_word' id='word_1_273' title='bbox 1319 3380 1376 3425; x_wconf 77' lang='lat' dir='ltr'>in</span> 
     </span>
     <span class='ocr_line' id='line_1_38' title="bbox 355 3461 1372 3528; baseline -0.002 -18"><span class='ocrx_word' id='word_1_274' title='bbox 355 3464 500 3512; x_wconf 71' lang='lat' dir='ltr'>lt&#39;bros</span> <span class='ocrx_word' id='word_1_275' title='bbox 535 3463 648 3511; x_wconf 79' lang='lat' dir='ltr'>hist.</span> <span class='ocrx_word' id='word_1_276' title='bbox 683 3462 752 3512; x_wconf 92' lang='lat' dir='ltr'>N.</span> <span class='ocrx_word' id='word_1_277' title='bbox 802 3462 866 3512; x_wconf 90' lang='lat' dir='ltr'>T.</span> <span class='ocrx_word' id='word_1_278' title='bbox 908 3482 1011 3528; x_wconf 80' lang='lat' dir='ltr'>pag.</span> <span class='ocrx_word' id='word_1_279' title='bbox 1066 3461 1125 3512; x_wconf 83' lang='lat'>16</span> <span class='ocrx_word' id='word_1_280' title='bbox 1163 3472 1208 3511; x_wconf 88' lang='lat' dir='ltr'>et</span> <span class='ocrx_word' id='word_1_281' title='bbox 1240 3479 1372 3527; x_wconf 88' lang='lat' dir='ltr'>seqq.</span> 
     </span>
     <span class='ocr_line' id='line_1_39' title="bbox 356 3540 1374 3595; baseline -0.003 -1"><span class='ocrx_word' id='word_1_282' title='bbox 356 3557 541 3594; x_wconf 83' lang='lat' dir='ltr'>secutus</span> <span class='ocrx_word' id='word_1_283' title='bbox 567 3545 822 3595; x_wconf 84' lang='lat' dir='ltr'>Marshium</span> <span class='ocrx_word' id='word_1_284' title='bbox 841 3555 884 3594; x_wconf 86' lang='lat' dir='ltr'>et</span> <span class='ocrx_word' id='word_1_285' title='bbox 901 3544 1258 3594; x_wconf 78' lang='lat' dir='ltr'>Eichhornium.</span> <span class='ocrx_word' id='word_1_286' title='bbox 1280 3540 1374 3591; x_wconf 84' lang='lat' dir='ltr'>Ve-</span> 
     </span>
     <span class='ocr_line' id='line_1_40' title="bbox 357 3627 1377 3693; baseline 0 -18"><span class='ocrx_word' id='word_1_287' title='bbox 357 3646 460 3676; x_wconf 87' lang='lat' dir='ltr'>rum</span> <span class='ocrx_word' id='word_1_288' title='bbox 479 3628 691 3677; x_wconf 88' lang='lat' dir='ltr'>nondum</span> <span class='ocrx_word' id='word_1_289' title='bbox 707 3629 1053 3677; x_wconf 79' lang='lat' dir='ltr'>convenitinter</span> <span class='ocrx_word' id='word_1_290' title='bbox 1072 3630 1195 3693; x_wconf 87' lang='lat' dir='ltr'>ipsos</span> <span class='ocrx_word' id='word_1_291' title='bbox 1220 3664 1233 3689; x_wconf 87' lang='lat'><strong>,</strong></span> <span class='ocrx_word' id='word_1_292' title='bbox 1265 3627 1377 3692; x_wconf 88' lang='lat' dir='ltr'>quid</span> 
     </span>
    </p>
   </div>
   <div class='ocr_carea' id='block_1_4' title="bbox 1444 1472 2479 2203">
    <p class='ocr_par' dir='ltr' id='par_1_5' title="bbox 1444 1472 2479 2203">
     <span class='ocr_line' id='line_1_41' title="bbox 1445 1472 2478 1543; baseline 0.005 -22"><span class='ocrx_word' id='word_1_293' title='bbox 1445 1475 1503 1521; x_wconf 78' lang='lat' dir='ltr'>sit</span> <span class='ocrx_word' id='word_1_294' title='bbox 1541 1472 1769 1539; x_wconf 85' lang='lat' dir='ltr'>ejusmodi</span> <span class='ocrx_word' id='word_1_295' title='bbox 1786 1475 2071 1543; x_wconf 79' lang='lat' dir='ltr'>archetypon</span> <span class='ocrx_word' id='word_1_296' title='bbox 2091 1514 2105 1537; x_wconf 90' lang='lat'><em>‚</em></span> <span class='ocrx_word' id='word_1_297' title='bbox 2141 1487 2303 1526; x_wconf 80' lang='lat' dir='ltr'>utrum</span> <span class='ocrx_word' id='word_1_298' title='bbox 2328 1495 2478 1526; x_wconf 88' lang='lat' dir='ltr'>unum</span> 
     </span>
     <span class='ocr_line' id='line_1_42' title="bbox 1444 1557 2479 1627; baseline 0.001 -19"><span class='ocrx_word' id='word_1_299' title='bbox 1444 1557 1668 1623; x_wconf 87' lang='lat' dir='ltr'>idemque</span> <span class='ocrx_word' id='word_1_300' title='bbox 1691 1575 1801 1606; x_wconf 89' lang='lat' dir='ltr'>cum</span> <span class='ocrx_word' id='word_1_301' title='bbox 1829 1559 2070 1623; x_wconf 82' lang='lat' dir='ltr'>evangelio</span> <span class='ocrx_word' id='word_1_302' title='bbox 2089 1595 2104 1618; x_wconf 89' lang='lat'>‚</span> <span class='ocrx_word' id='word_1_303' title='bbox 2128 1557 2256 1625; x_wconf 88' lang='lat' dir='ltr'>quod</span> <span class='ocrx_word' id='word_1_304' title='bbox 2277 1562 2479 1627; x_wconf 79' lang='lat' dir='ltr'>inscrip-</span> 
     </span>
     <span class='ocr_line' id='line_1_43' title="bbox 1446 1638 2479 1703; baseline 0.007 -20"><span class='ocrx_word' id='word_1_305' title='bbox 1446 1646 1551 1687; x_wconf 86' lang='lat' dir='ltr'>tum</span> <span class='ocrx_word' id='word_1_306' title='bbox 1583 1650 1680 1688; x_wconf 87' lang='lat' dir='ltr'>erat</span> <span class='ocrx_word' id='word_1_307' title='bbox 1710 1638 1987 1688; x_wconf 81' lang='lat' dir='ltr'>Secundum</span> <span class='ocrx_word' id='word_1_308' title='bbox 2020 1639 2251 1690; x_wconf 81' lang='lat' dir='ltr'>Hebroeos</span> <span class='ocrx_word' id='word_1_309' title='bbox 2270 1679 2283 1703; x_wconf 86' lang='lat'><strong>,</strong></span> <span class='ocrx_word' id='word_1_310' title='bbox 2316 1660 2377 1691; x_wconf 81' lang='lat' dir='ltr'>an</span> <span class='ocrx_word' id='word_1_311' title='bbox 2405 1642 2479 1690; x_wconf 86' lang='lat' dir='ltr'>di-</span> 
     </span>
     <span class='ocr_line' id='line_1_44' title="bbox 1445 1721 2472 1789; baseline 0.003 -19"><span class='ocrx_word' id='word_1_312' title='bbox 1445 1738 1651 1771; x_wconf 87' lang='lat' dir='ltr'>versum.</span> <span class='ocrx_word' id='word_1_313' title='bbox 1690 1721 1823 1771; x_wconf 86' lang='lat' dir='ltr'>Hanc</span> <span class='ocrx_word' id='word_1_314' title='bbox 1861 1725 2133 1789; x_wconf 87' lang='lat' dir='ltr'>opinionem</span> <span class='ocrx_word' id='word_1_315' title='bbox 2175 1726 2339 1773; x_wconf 82' lang='lat' dir='ltr'>evertit</span> <span class='ocrx_word' id='word_1_316' title='bbox 2377 1723 2472 1773; x_wconf 87' lang='lat' dir='ltr'>Ro-</span> 
     </span>
     <span class='ocr_line' id='line_1_45' title="bbox 1449 1804 2469 1865; baseline 0.003 -13"><span class='ocrx_word' id='word_1_317' title='bbox 1449 1805 1701 1854; x_wconf 77' lang='lat' dir='ltr'>senmiiller</span> <span class='ocrx_word' id='word_1_318' title='bbox 1745 1809 1930 1865; x_wconf 86' lang='lat' dir='ltr'>senior,</span> <span class='ocrx_word' id='word_1_319' title='bbox 1973 1804 2131 1857; x_wconf 78' lang='lat' dir='ltr'>Sohol.</span> <span class='ocrx_word' id='word_1_320' title='bbox 2175 1808 2231 1853; x_wconf 80' lang='lat' dir='ltr'>in</span> <span class='ocrx_word' id='word_1_321' title='bbox 2279 1806 2348 1855; x_wconf 92' lang='lat' dir='ltr'>N.</span> <span class='ocrx_word' id='word_1_322' title='bbox 2401 1807 2469 1855; x_wconf 89' lang='lat' dir='ltr'>T.</span> 
     </span>
     <span class='ocr_line' id='line_1_46' title="bbox 1447 1890 2470 1954; baseline 0 -19"><span class='ocrx_word' id='word_1_323' title='bbox 1447 1891 1728 1952; x_wconf 73' lang='lat' dir='ltr'>argumentis</span> <span class='ocrx_word' id='word_1_324' title='bbox 1751 1890 1946 1936; x_wconf 84' lang='lat' dir='ltr'>internis</span> <span class='ocrx_word' id='word_1_325' title='bbox 1965 1899 2006 1936; x_wconf 85' lang='lat' dir='ltr'>et</span> <span class='ocrx_word' id='word_1_326' title='bbox 2025 1890 2228 1937; x_wconf 85' lang='lat' dir='ltr'>externis</span> <span class='ocrx_word' id='word_1_327' title='bbox 2245 1905 2258 1951; x_wconf 91' lang='lat'>;</span> <span class='ocrx_word' id='word_1_328' title='bbox 2278 1893 2327 1936; x_wconf 83' lang='lat' dir='ltr'>et</span> <span class='ocrx_word' id='word_1_329' title='bbox 2345 1890 2470 1954; x_wconf 88' lang='lat' dir='ltr'>ejus·</span> 
     </span>
     <span class='ocr_line' id='line_1_47' title="bbox 1448 1969 2471 2036; baseline -0.001 -19"><span class='ocrx_word' id='word_1_330' title='bbox 1448 1970 1574 2018; x_wconf 86' lang='lat' dir='ltr'>modi</span> <span class='ocrx_word' id='word_1_331' title='bbox 1615 1970 1923 2036; x_wconf 79' lang='lat' dir='ltr'>archetypum</span> <span class='ocrx_word' id='word_1_332' title='bbox 1966 1972 2128 2019; x_wconf 84' lang='lat' dir='ltr'>merito</span> <span class='ocrx_word' id='word_1_333' title='bbox 2170 1980 2303 2019; x_wconf 86' lang='lat' dir='ltr'>vocat</span> <span class='ocrx_word' id='word_1_334' title='bbox 2340 1969 2471 2033; x_wconf 77' lang='lat' dir='ltr'>ficti-</span> 
     </span>
     <span class='ocr_line' id='line_1_48' title="bbox 1448 2053 2474 2119; baseline 0.002 -20"><span class='ocrx_word' id='word_1_335' title='bbox 1448 2053 1605 2114; x_wconf 78' lang='lat' dir='ltr'>tium,</span> <span class='ocrx_word' id='word_1_336' title='bbox 1652 2053 1778 2119; x_wconf 87' lang='lat' dir='ltr'>quod</span> <span class='ocrx_word' id='word_1_337' title='bbox 1823 2070 1960 2103; x_wconf 84' lang='lat' dir='ltr'>nemo</span> <span class='ocrx_word' id='word_1_338' title='bbox 2007 2063 2217 2102; x_wconf 82' lang='lat' dir='ltr'>veterum</span> <span class='ocrx_word' id='word_1_339' title='bbox 2257 2055 2387 2103; x_wconf 81' lang='lat' dir='ltr'>novit</span> <span class='ocrx_word' id='word_1_340' title='bbox 2426 2060 2474 2102; x_wconf 83' lang='lat' dir='ltr'>et</span> 
     </span>
     <span class='ocr_line' id='line_1_49' title="bbox 1449 2132 2474 2203; baseline 0.001 -21"><span class='ocrx_word' id='word_1_341' title='bbox 1449 2136 1583 2184; x_wconf 85' lang='lat' dir='ltr'>vidit.</span> <span class='ocrx_word' id='word_1_342' title='bbox 1619 2134 1719 2184; x_wconf 87' lang='lat' dir='ltr'>Cfr.</span> <span class='ocrx_word' id='word_1_343' title='bbox 1750 2145 1865 2185; x_wconf 91' lang='lat' dir='ltr'>tom.</span> <span class='ocrx_word' id='word_1_344' title='bbox 1896 2153 1910 2182; x_wconf 90' lang='lat'>1</span> <span class='ocrx_word' id='word_1_345' title='bbox 1935 2172 1948 2194; x_wconf 92' lang='lat'>‚</span> <span class='ocrx_word' id='word_1_346' title='bbox 1976 2135 2091 2185; x_wconf 84' lang='lat' dir='ltr'>edit.</span> <span class='ocrx_word' id='word_1_347' title='bbox 2121 2145 2245 2185; x_wconf 81' lang='lat' dir='ltr'>sexta</span> <span class='ocrx_word' id='word_1_348' title='bbox 2264 2172 2277 2197; x_wconf 90' lang='lat'>‚</span> <span class='ocrx_word' id='word_1_349' title='bbox 2309 2153 2413 2203; x_wconf 82' lang='lat' dir='ltr'>pag.</span> <span class='ocrx_word' id='word_1_350' title='bbox 2441 2132 2474 2183; x_wconf 84' lang='lat'><strong><em>5</em></strong></span> 
     </span>
    </p>
   </div>
   <div class='ocr_carea' id='block_1_5' title="bbox 1450 2228 1796 2364">
    <p class='ocr_par' dir='ltr' id='par_1_6' title="bbox 1450 2228 1796 2364">
     <span class='ocr_line' id='line_1_50' title="bbox 1450 2228 1656 2284; baseline -0.024 -16"><span class='ocrx_word' id='word_1_351' title='bbox 1450 2228 1494 2268; x_wconf 86' lang='lat' dir='ltr'>ct</span> <span class='ocrx_word' id='word_1_352' title='bbox 1526 2235 1656 2284; x_wconf 87' lang='lat' dir='ltr'>seqq.</span> 
     </span>
     <span class='ocr_line' id='line_1_51' title="bbox 1521 2299 1796 2364; baseline 0 -18"><span class='ocrx_word' id='word_1_353' title='bbox 1521 2300 1591 2364; x_wconf 79' lang='lat'>(2)</span> <span class='ocrx_word' id='word_1_354' title='bbox 1627 2299 1684 2347; x_wconf 89' lang='lat' dir='ltr'>N.</span> <span class='ocrx_word' id='word_1_355' title='bbox 1724 2300 1796 2348; x_wconf 82' lang='lat'>13.</span> 
     </span>
    </p>
   </div>
   <div class='ocr_carea' id='block_1_6' title="bbox 1449 2377 2483 3605">
    <p class='ocr_par' dir='ltr' id='par_1_7' title="bbox 1449 2377 2481 3355">
     <span class='ocr_line' id='line_1_52' title="bbox 1517 2377 2473 2447; baseline -0.001 -17"><span class='ocrx_word' id='word_1_356' title='bbox 1517 2382 1584 2446; x_wconf 86' lang='lat'>(3)</span> <span class='ocrx_word' id='word_1_357' title='bbox 1622 2382 1790 2431; x_wconf 76' lang='lat' dir='ltr'>Scribit</span> <span class='ocrx_word' id='word_1_358' title='bbox 1811 2384 1937 2430; x_wconf 81' lang='lat' dir='ltr'>enim</span> <span class='ocrx_word' id='word_1_359' title='bbox 1969 2399 1982 2430; x_wconf 73' lang='grc' dir='ltr'><strong><em>ε</em></strong></span> <span class='ocrx_word' id='word_1_360' title='bbox 2013 2384 2064 2431; x_wconf 85' lang='grc' dir='ltr'><strong>Ὁ</strong></span> <span class='ocrx_word' id='word_1_361' title='bbox 2089 2377 2170 2445; x_wconf 67' lang='grc' dir='ltr'>μὲν</span> <span class='ocrx_word' id='word_1_362' title='bbox 2194 2377 2282 2447; x_wconf 75' lang='grc' dir='ltr'>γοῖρ</span> <span class='ocrx_word' id='word_1_363' title='bbox 2318 2378 2473 2446; x_wconf 74' lang='lat' dir='ltr'>Kn&#39;ptv·</span> 
     </span>
     <span class='ocr_line' id='line_1_53' title="bbox 1449 2459 2473 2530; baseline -0.003 -17"><span class='ocrx_word' id='word_1_364' title='bbox 1449 2467 1534 2516; x_wconf 69' lang='grc' dir='ltr'><strong><em>θ-ος</em></strong></span> <span class='ocrx_word' id='word_1_365' title='bbox 1575 2460 1652 2512; x_wconf 66' lang='grc' dir='ltr'>κει)</span> <span class='ocrx_word' id='word_1_366' title='bbox 1701 2469 1967 2530; x_wconf 66' lang='grc' dir='ltr'><em>Καρποκρόἶς</em></span> <span class='ocrx_word' id='word_1_367' title='bbox 1998 2469 2062 2528; x_wconf 69' lang='grc' dir='ltr'>’τξιῖ</span> <span class='ocrx_word' id='word_1_368' title='bbox 2099 2465 2219 2528; x_wconf 66' lang='lat' dir='ltr'>aziz-{3</span> <span class='ocrx_word' id='word_1_369' title='bbox 2256 2459 2473 2528; x_wconf 68' lang='lat' dir='ltr'>zpaipcevot</span> 
     </span>
     <span class='ocr_line' id='line_1_54' title="bbox 1452 2540 2473 2613; baseline -0.004 -17"><span class='ocrx_word' id='word_1_370' title='bbox 1452 2545 1594 2603; x_wconf 56' lang='grc' dir='ltr'>δῆθεν</span> <span class='ocrx_word' id='word_1_371' title='bbox 1626 2549 1727 2613; x_wconf 65' lang='grc' dir='ltr'>παρ’</span> <span class='ocrx_word' id='word_1_372' title='bbox 1760 2547 1909 2599; x_wconf 67' lang='lat' dir='ltr'>ath-ois-</span> <span class='ocrx_word' id='word_1_373' title='bbox 1945 2542 2216 2610; x_wconf 66' lang='grc' dir='ltr'>Εᾶαισγνελίῳ</span> <span class='ocrx_word' id='word_1_374' title='bbox 2262 2540 2355 2593; x_wconf 66' lang='grc' dir='ltr'>εἰπὲ</span> <span class='ocrx_word' id='word_1_375' title='bbox 2391 2550 2473 2599; x_wconf 69' lang='grc' dir='ltr'>τῆς</span> 
     </span>
     <span class='ocr_line' id='line_1_55' title="bbox 1452 2626 2475 2698; baseline -0.002 -19"><span class='ocrx_word' id='word_1_376' title='bbox 1452 2632 1594 2698; x_wconf 69' lang='grc' dir='ltr'><strong><em>οἷρχὶἶς</em></strong></span> <span class='ocrx_word' id='word_1_377' title='bbox 1627 2635 1709 2679; x_wconf 68' lang='grc' dir='ltr'>τοῦ</span> <span class='ocrx_word' id='word_1_378' title='bbox 1730 2627 1852 2678; x_wconf 66' lang='lat' dir='ltr'>zaroc*</span> <span class='ocrx_word' id='word_1_379' title='bbox 1885 2629 2130 2678; x_wconf 54' lang='lat' dir='ltr'>Mmflaeiov</span> <span class='ocrx_word' id='word_1_380' title='bbox 2156 2626 2475 2691; x_wconf 75' lang='grc' dir='ltr'><strong><em>Εᾶοιγγελιόυ,</em></strong></span> 
     </span>
     <span class='ocr_line' id='line_1_56' title="bbox 1453 2709 2475 2780; baseline -0.002 -19"><span class='ocrx_word' id='word_1_381' title='bbox 1453 2709 1538 2762; x_wconf 60' lang='grc' dir='ltr'>διαὶ</span> <span class='ocrx_word' id='word_1_382' title='bbox 1563 2718 1643 2768; x_wconf 64' lang='grc' dir='ltr'>τῆς</span> <span class='ocrx_word' id='word_1_383' title='bbox 1666 2709 1965 2772; x_wconf 69' lang='grc' dir='ltr'>γενεαλογίαις</span> <span class='ocrx_word' id='word_1_384' title='bbox 1987 2709 2225 2772; x_wconf 72' lang='grc' dir='ltr'>βοῦλονται</span> <span class='ocrx_word' id='word_1_385' title='bbox 2249 2717 2475 2780; x_wconf 63' lang='grc' dir='ltr'>ποιμα-τᾷ,</span> 
     </span>
     <span class='ocr_line' id='line_1_57' title="bbox 1457 2790 2475 2863; baseline -0.003 -18"><span class='ocrx_word' id='word_1_386' title='bbox 1457 2798 1503 2845; x_wconf 79' lang='grc' dir='ltr'>ἔκ</span> <span class='ocrx_word' id='word_1_387' title='bbox 1536 2792 1800 2863; x_wconf 68' lang='grc' dir='ltr'>σφι-ἕρματος</span> <span class='ocrx_word' id='word_1_388' title='bbox 1838 2791 1998 2856; x_wconf 56' lang='lat' dir='ltr'>‘Iaso-rip</span> <span class='ocrx_word' id='word_1_389' title='bbox 2038 2792 2116 2843; x_wconf 65' lang='lat' dir='ltr'>na}</span> <span class='ocrx_word' id='word_1_390' title='bbox 2154 2791 2333 2860; x_wconf 71' lang='grc' dir='ltr'><strong><em>Μαρίοις</em></strong></span> <span class='ocrx_word' id='word_1_391' title='bbox 2371 2790 2475 2842; x_wconf 67' lang='grc' dir='ltr'><em>εἶναι</em></span> 
     </span>
     <span class='ocr_line' id='line_1_58' title="bbox 1453 2876 2477 2945; baseline -0.004 -18"><span class='ocrx_word' id='word_1_392' title='bbox 1453 2878 1529 2927; x_wconf 74' lang='grc' dir='ltr'>τδν</span> <span class='ocrx_word' id='word_1_393' title='bbox 1571 2876 1773 2945; x_wconf 71' lang='grc' dir='ltr'>Χριστέν.</span> <span class='ocrx_word' id='word_1_394' title='bbox 1822 2878 1878 2926; x_wconf 91' lang='lat' dir='ltr'>Id</span> <span class='ocrx_word' id='word_1_395' title='bbox 1917 2888 1983 2926; x_wconf 87' lang='lat' dir='ltr'>est</span> <span class='ocrx_word' id='word_1_396' title='bbox 2014 2876 2477 2927; x_wconf 66' lang='lat' dir='ltr'>:Corinthuscnim</span> 
     </span>
     <span class='ocr_line' id='line_1_59' title="bbox 1454 2958 2479 3028; baseline -0.006 -18"><span class='ocrx_word' id='word_1_397' title='bbox 1454 2972 1498 3010; x_wconf 81' lang='lat' dir='ltr'>et</span> <span class='ocrx_word' id='word_1_398' title='bbox 1538 2961 1853 3028; x_wconf 68' lang='lat' dir='ltr'>Carpocrates</span> <span class='ocrx_word' id='word_1_399' title='bbox 1893 2960 2055 3008; x_wconf 84' lang='lat' dir='ltr'>eodem</span> <span class='ocrx_word' id='word_1_400' title='bbox 2111 2958 2376 3017; x_wconf 58' lang='lat' dir='ltr'>Matthaei,</span> <span class='ocrx_word' id='word_1_401' title='bbox 2425 2966 2479 3005; x_wconf 82' lang='lat' dir='ltr'>ut</span> 
     </span>
     <span class='ocr_line' id='line_1_60' title="bbox 1454 3040 2477 3111; baseline -0.006 -18"><span class='ocrx_word' id='word_1_402' title='bbox 1454 3046 1655 3111; x_wconf 81' lang='lat' dir='ltr'>quidam</span> <span class='ocrx_word' id='word_1_403' title='bbox 1693 3043 1864 3093; x_wconf 73' lang='lat' dir='ltr'>volunt</span> <span class='ocrx_word' id='word_1_404' title='bbox 1884 3080 1897 3102; x_wconf 92' lang='lat'>‚</span> <span class='ocrx_word' id='word_1_405' title='bbox 1928 3040 2203 3105; x_wconf 75' lang='lat' dir='ltr'>Evanyelio</span> <span class='ocrx_word' id='word_1_406' title='bbox 2229 3041 2379 3105; x_wconf 81' lang='lat' dir='ltr'>freti,</span> <span class='ocrx_word' id='word_1_407' title='bbox 2417 3056 2477 3088; x_wconf 69' lang='lat' dir='ltr'>ex·</span> 
     </span>
     <span class='ocr_line' id='line_1_61' title="bbox 1457 3122 2478 3194; baseline -0.005 -18"><span class='ocrx_word' id='word_1_408' title='bbox 1457 3130 1561 3194; x_wconf 61' lang='lat' dir='ltr'>ejus</span> <span class='ocrx_word' id='word_1_409' title='bbox 1589 3129 1734 3176; x_wconf 79' lang='lat' dir='ltr'>initio</span> <span class='ocrx_word' id='word_1_410' title='bbox 1757 3126 2032 3189; x_wconf 73' lang='lat' dir='ltr'>Christique</span> <span class='ocrx_word' id='word_1_411' title='bbox 2060 3122 2342 3188; x_wconf 73' lang='lat' dir='ltr'>qenealoyia</span> <span class='ocrx_word' id='word_1_412' title='bbox 2360 3139 2478 3188; x_wconf 85' lang='lat' dir='ltr'>pro-</span> 
     </span>
     <span class='ocr_line' id='line_1_62' title="bbox 1457 3205 2481 3272; baseline -0.006 -13"><span class='ocrx_word' id='word_1_413' title='bbox 1457 3211 1571 3260; x_wconf 80' lang='lat' dir='ltr'>bare</span> <span class='ocrx_word' id='word_1_414' title='bbox 1599 3212 1855 3269; x_wconf 76' lang='lat' dir='ltr'>nituntur,</span> <span class='ocrx_word' id='word_1_415' title='bbox 1884 3206 2135 3255; x_wconf 76' lang='lat' dir='ltr'>Christum</span> <span class='ocrx_word' id='word_1_416' title='bbox 2157 3224 2181 3254; x_wconf 86' lang='lat' dir='ltr'>e</span> <span class='ocrx_word' id='word_1_417' title='bbox 2210 3205 2413 3272; x_wconf 73' lang='lat' dir='ltr'>losephi</span> <span class='ocrx_word' id='word_1_418' title='bbox 2436 3214 2481 3254; x_wconf 76' lang='lat' dir='ltr'>et</span> 
     </span>
     <span class='ocr_line' id='line_1_63' title="bbox 1457 3292 2320 3355; baseline -0.007 -13"><span class='ocrx_word' id='word_1_419' title='bbox 1457 3294 1644 3342; x_wconf 85' lang='lat' dir='ltr'>Mariae</span> <span class='ocrx_word' id='word_1_420' title='bbox 1667 3292 1849 3340; x_wconf 73' lang='lat' dir='ltr'>semine</span> <span class='ocrx_word' id='word_1_421' title='bbox 1879 3306 1976 3338; x_wconf 73' lang='lat' dir='ltr'>esse</span> <span class='ocrx_word' id='word_1_422' title='bbox 1994 3297 2320 3355; x_wconf 74' lang='lat' dir='ltr'>procreatum.</span> 
     </span>
    </p>

    <p class='ocr_par' dir='ltr' id='par_1_8' title="bbox 1462 3368 2483 3605">
     <span class='ocr_line' id='line_1_64' title="bbox 1526 3368 2479 3438; baseline -0.005 -15"><span class='ocrx_word' id='word_1_423' title='bbox 1526 3376 1591 3438; x_wconf 66' lang='lat' dir='ltr'><em>(lb)</em></span> <span class='ocrx_word' id='word_1_424' title='bbox 1619 3371 1810 3435; x_wconf 72' lang='grc' dir='ltr'>’Ἔχουσι</span> <span class='ocrx_word' id='word_1_425' title='bbox 1859 3368 1912 3420; x_wconf 59' lang='grc' dir='ltr'>δὲ</span> <span class='ocrx_word' id='word_1_426' title='bbox 1962 3368 2014 3420; x_wconf 63' lang='grc' dir='ltr'>τὲ</span> <span class='ocrx_word' id='word_1_427' title='bbox 2064 3368 2186 3420; x_wconf 70' lang='grc' dir='ltr'><strong><em>κατ-οἶ</em></strong></span> <span class='ocrx_word' id='word_1_428' title='bbox 2237 3370 2479 3419; x_wconf 63' lang='grc' dir='ltr'><strong><em>Ματθοιῗον</em></strong></span> 
     </span>
     <span class='ocr_line' id='line_1_65' title="bbox 1462 3449 2483 3521; baseline -0.006 -14"><span class='ocrx_word' id='word_1_429' title='bbox 1462 3454 1725 3517; x_wconf 65' lang='grc' dir='ltr'>εὖοιγγέλιογ</span> <span class='ocrx_word' id='word_1_430' title='bbox 1762 3451 2069 3521; x_wconf 44' lang='lat' dir='ltr'>orando-raray</span> <span class='ocrx_word' id='word_1_431' title='bbox 2116 3449 2332 3521; x_wconf 73' lang='grc' dir='ltr'>ἑβραϊστῖ.</span> <span class='ocrx_word' id='word_1_432' title='bbox 2375 3451 2483 3518; x_wconf 74' lang='lat' dir='ltr'>Hoep&#39;</span> 
     </span>
     <span class='ocr_line' id='line_1_66' title="bbox 1462 3533 2482 3605; baseline -0.008 -15"><span class='ocrx_word' id='word_1_433' title='bbox 1462 3541 1610 3593; x_wconf 67' lang='grc' dir='ltr'><strong><em>αὑτοῖς</em></strong></span> <span class='ocrx_word' id='word_1_434' title='bbox 1642 3535 1730 3605; x_wconf 68' lang='grc' dir='ltr'>γοῖρ</span> <span class='ocrx_word' id='word_1_435' title='bbox 1765 3543 1920 3599; x_wconf 64' lang='grc' dir='ltr'><strong><em>στιφῶς</em></strong></span> <span class='ocrx_word' id='word_1_436' title='bbox 1945 3543 2074 3587; x_wconf 72' lang='grc' dir='ltr'><strong><em>τοῦτο</em></strong></span> <span class='ocrx_word' id='word_1_437' title='bbox 2093 3576 2106 3599; x_wconf 87' lang='grc'>,</span> <span class='ocrx_word' id='word_1_438' title='bbox 2142 3533 2299 3589; x_wconf 55' lang='lat' dir='ltr'>‚eufimie</span> <span class='ocrx_word' id='word_1_439' title='bbox 2327 3537 2374 3596; x_wconf 76' lang='grc' dir='ltr'>ἐξ</span> <span class='ocrx_word' id='word_1_440' title='bbox 2403 3536 2482 3598; x_wconf 77' lang='grc' dir='ltr'><strong><em>α’ρ·</em></strong></span> 
     </span>
    </p>
   </div>
   <div class='ocr_carea' id='block_1_7' title="bbox 1462 3611 2482 3688">
    <p class='ocr_par' dir='ltr' id='par_1_9' title="bbox 1462 3611 2482 3688">
     <span class='ocr_line' id='line_1_67' title="bbox 1462 3611 2482 3688; baseline -0.018 -9"><span class='ocrx_word' id='word_1_441' title='bbox 1462 3629 1552 3687; x_wconf 63' lang='grc' dir='ltr'>κῖς</span> <span class='ocrx_word' id='word_1_442' title='bbox 1601 3620 1777 3687; x_wconf 66' lang='grc' dir='ltr'>ἐγράφη</span> <span class='ocrx_word' id='word_1_443' title='bbox 1834 3621 2052 3686; x_wconf 74' lang='grc' dir='ltr'>ἑβραϊκοῖς</span> <span class='ocrx_word' id='word_1_444' title='bbox 2096 3618 2366 3688; x_wconf 67' lang='grc' dir='ltr'>γρςὶμμοιση</span> <span class='ocrx_word' id='word_1_445' title='bbox 2416 3611 2482 3663; x_wconf 75' lang='grc' dir='ltr'>’ἔτι</span> 
     </span>
    </p>
   </div>
  </div>
 </body>
</html>
