2534 4088
335 220 530 294 ΪῬΑΒΤ.
579 243 620 276 1.
670 238 796 277 cAP.
840 237 880 273 1.
929 239 997 274 mi
1039 234 1249 273 MEsfflAE
1291 232 1510 271 mcum.
1559 234 1625 269 m·
1666 232 1891 270 Exmzc'r.
2161 211 2195 266 9

96 406 323 459 summa
352 383 538 465 capita
569 381 965 441 continentur.
1003 377 1068 437 30
1092 377 1374 459 Nuspiam
1405 375 1613 434 dicitur
1639 396 1653 432 ε
1687 375 1919 435 Credite
1937 375 2008 431 in
2038 372 2196 431 Mes—

98 486 276 539 sz'am.
325 481 409 536 Ita
434 476 671 559 quidem
709 474 957 534 Voltaire
996 473 1083 554 (l)
1114 484 1171 532 et
1196 483 1332 531 ante
1360 472 1554 552 ipsum
1589 468 1835 529 Orobius
1864 469 1974 550 (2).
2009 468 2198 540 Quare

98 576 163 633 40
187 573 496 633 dicendum
523 583 641 648 est,
669 568 865 629 subdit
892 566 1167 630 Salvador
1189 566 1298 646 (3),
1323 564 1689 623 Salvatorum
1710 565 1830 623 sive
1860 562 2198 622 Messiarum

95 669 286 727 ideam
315 679 502 726 ortam
539 687 661 725 esse
690 686 762 724 ex
795 664 1008 724 divinis
1042 662 1212 721 minis
1247 671 1420 741 atque
1451 660 1778 740 promissi83
1815 657 1879 716 50
1911 679 2039 739 quae
2063 678 2198 716 cum

97 785 218 821 non
262 762 626 820 contineatur
668 759 959 838 conceptis
1012 755 1205 819 verbis
1246 755 1311 812 in
1354 755 1612 834 quinque
1654 754 1816 813 libris
1837 753 2197 813 fundamen-

95 855 343 930 talibus7
381 855 545 914 nullo
585 854 760 913 modo
783 851 1082 912 constituit
1106 849 1243 908 fidei
1283 847 1594 907 articulum
1629 861 1896 931 respectu
1933 847 2201 908 Hebraeo·

96 973 263 1024 rum3
290 949 576 1032 quidquid
599 959 798 1008 contra
828 943 1144 1005 contendat
1174 943 1555 1004 Maimonides
1570 986 1592 1014 ,
1622 943 1722 1024 qui
1752 942 1848 1003 vel
1871 963 1938 1001 eo
1960 943 2199 1002 nomine

98 1046 338 1128 vapulat
364 1068 395 1103 a
425 1044 608 1103 Rabbi
633 1040 888 1122 Josepho
917 1038 1071 1098 Albo
1090 1084 1106 1114 7
1142 1037 1300 1120 quod
1332 1038 1508 1097 nimis
1535 1036 1978 1119 amplificaverit
2000 1058 2200 1096 nume-

98 1163 228 1199 rum
258 1139 627 1218 articulorum
660 1134 1188 1194 fundamentalium
1225 1133 1382 1213 Legis
1410 1134 1672 1191 Mosaicae
1692 1178 1708 1206 7
1749 1132 1903 1190 inter
1933 1153 2076 1212 quos
2104 1153 2202 1190 re-

101 1235 236 1294 tulit
265 1234 719 1316 expectationem
742 1234 982 1293 Messiae.
1019 1231 1083 1288 6Ο
1108 1228 1254 1290 Albo
1279 1228 1509 1310 praeivit
1535 1226 1712 1286 Hillel
1731 1273 1747 1302 7
1773 1238 1913 1286 ante
1931 1227 2203 1285 Hieroso-

98 1329 389 1408 lymorum
426 1328 722 1387 'excidium
775 1327 1039 1408 Synedrii
1097 1345 1305 1407 praeses
1327 1370 1341 1399 7
1383 1324 1483 1405 qui
1535 1322 1838 1383 contendit
1856 1368 1872 1398 7
1931 1320 2204 1382 Israelem

97 1411 326 1482 nullum
366 1423 582 1484 habere
602 1469 618 1499 7
654 1445 829 1506 quem
854 1432 1121 1504 expectet
1148 1420 1434 1481 Messiam.
1467 1421 1632 1498 Ergo.
1884 1471 1889 1474 ⁴
1942 1470 1946 1474 .

120 1565 122 1567 .
184 1518 276 1576 16.
322 1521 495 1599 Resp.
531 1517 619 1578 Ad
645 1519 746 1592 1³²7
784 1517 936 1597 Ney.
980 1517 1128 1575 Cum
1156 1513 1439 1593 ejusmodi
1475 1514 1711 1573 assertio
1736 1513 1810 1572 sit
1844 1523 2047 1572 contra
2084 1512 2205 1571 fac-

98 1625 268 1686 tum3
306 1612 560 1694 alioquin
590 1613 747 1672 enim
780 1611 941 1671 nulla
974 1616 1100 1689 jam
1138 1610 1285 1669 ratio
1314 1608 1440 1667 dari
1478 1620 1673 1690 posset
1712 1609 2005 1667 unanimis
2049 1608 2203 1666 illius

98 1708 537 1789 conspirationis
582 1719 754 1789 atque
794 1728 1104 1766 consensus
1143 1706 1206 1763 in
1242 1704 1352 1763 hoc
1388 1703 1523 1762 fidei
1558 1703 1796 1762 articulo
1839 1702 2205 1782 admittendo

98 1814 384 1862 sectarum
412 1803 676 1861 omnium
695 1848 710 1876 7
740 1813 830 1875 et,
856 1802 1012 1883 quod
1040 1811 1214 1882 caput
1238 1811 1326 1858 est
1339 1843 1360 1871 ,
1384 1800 1880 1879 Samaritanorum
1901 1843 1917 1873 7
1946 1799 2046 1880 qui
2069 1820 2206 1879 qua-

98 1906 232 1955 tuor
267 1897 491 1955 circiter
517 1896 726 1956 seculis*
750 1908 886 1956 ante
917 1895 1267 1977 captivitatis
1295 1893 1655 1974 Babylonicae
1686 1906 1951 1976 tempora
1976 1916 2007 1952 a
2034 1893 2205 1952 Judae

98 1991 255 2050 tribu
279 1991 525 2050 schisma
551 1991 838 2065 fecerunt7
861 1992 1074 2072 quique
1098 2012 1170 2049 ex
1191 1988 1573 2049 verisimiliori
1594 1991 1882 2048 sententia
1909 2011 2031 2047 non
2062 1988 2204 2046 alios

97 2086 276 2145 libros
312 2089 379 2145 ut
416 2108 603 2145 sacros
643 2086 1033 2146 admittebant
1074 2096 1285 2167 praeter
1322 2083 1798 2143 pentateuchum.
1847 2082 2047 2143 Eidem
2081 2105 2204 2142 non

99 2181 424 2240 accessisset
463 2182 638 2240 totius
674 2182 792 2241 fere
818 2180 971 2240 orbis
995 2181 1296 2240 consensio
1312 2223 1335 2252 ,
1375 2179 1653 2238 Indorum
1681 2179 2008 2261 praesertim
2031 2189 2205 2260 atque

99 2275 428 2333 Sinensium
449 2321 465 2350 7
493 2277 594 2356 qui
621 2276 716 2337 vel
740 2298 770 2335 a
796 2277 999 2359 primis
1016 2277 1244 2358 imperii
1261 2276 1350 2334 sui
1378 2274 1739 2356 temporibus
1763 2297 1892 2335 eam
1924 2285 2202 2357 repetunt

98 2369 493 2428 traditionem.
1797 2419 1799 2422 .

184 2465 279 2523 17.
328 2465 516 2545 Atque
547 2464 684 2524 hinc
722 2465 931 2524 falsum
964 2488 1086 2525 esse
1118 2467 1339 2525 eruitur
1363 2515 1379 2544 7
1414 2466 1572 2548 quod
1622 2469 1690 2525 20
1719 2465 2096 2545 adjiciebatur
2130 2466 2203 2524 de

100 2582 203 2642 spe
227 2572 555 2641 comparata
597 2582 667 2619 ex
692 2561 938 2637 lectione
976 2561 1430 2642 prophetarum3
1469 2573 1596 2619 tum
1631 2562 1765 2642 quia
1800 2560 2084 2638 ejusmodi
2109 2581 2207 2618 as-

99 2656 272 2715 sertio
302 2655 550 2734 gratuita
581 2666 669 2714 est
693 2656 816 2716 sine
842 2654 1055 2715 tabulis
1095 2677 1160 2715 ac
1183 2657 1307 2714 sine
1335 2654 1578 2715 testibus
1606 2656 1831 2737 prolata
1854 2700 1870 2730 7
1901 2666 2030 2714 tum
2070 2655 2205 2735 quia

164 2830 239 2895 (1)
274 2830 395 2879 Loco
416 2833 510 2894 jam
534 2831 689 2878 citato.
1180 2818 1650 2899 fideminsseipsum
1677 2816 1941 2896 saepissime
1969 2840 2014 2879 et
2036 2831 2207 2881 claris-

171 2911 237 2974 (2)
274 2910 410 2975 Apud
447 2911 711 2975 Philippum
752 2930 777 2959 a
816 2910 1065 2969 Limborch
1091 2948 1106 2972 7
1186 2913 1308 2959 sime
1348 2896 1529 2959 Israeli
1561 2898 1963 2962 com'meridaverit
1998 2915 2056 2961 in
2086 2916 2206 2962 uni-

100 2989 182 3038 De
216 2989 271 3038 V
269 2993 379 3040 erit.
407 2990 541 3055 reliq.
571 2991 739 3040 christ.
768 2994 928 3039 amica
966 2991 1109 3041 colla-
1186 3010 1320 3041 verso
1347 2984 1428 3042 'V.
1450 2982 1454 2985 ¹
1480 2993 1545 3042 T.
1590 3003 1635 3042 et
1659 2987 1825 3058 'fidem'
1857 2996 1915 3043 in
1961 2986 2202 3043 Moesiam

101 3074 194 3137 ²²⁸⁰)
213 3071 387 3121 Goudae
409 3071 549 3139 1687.
564 3073 621 3120 In
635 3076 785 3138 primo
801 3076 925 3122 enim
942 3077 1109 3143 scripto
1187 3092 1438 3140 nunquam
1464 3060 1897 3134 commendaberit;
1923 3078 1978 3123 in
2010 3093 2106 3141 qua
2133 3086 2206 3125 ta-

101 3154 207 3202 dato
245 3155 303 3202 ad
342 3155 689 3203 Limborchium
724 3155 923 3204 Orobius
957 3159 1109 3205 statim
1188 3174 1298 3205 men
1331 3157 1617 3206 consistebat
1644 3167 1740 3206 tota
1770 3157 1952 3206 salus?
1986 3158 2130 3225 Quod
2161 3160 2208 3206 ei

100 3237 263 3299 incipit
293 3253 307 3283 :
346 3236 472 3284 Cum
490 3237 612 3300 fides
640 3239 698 3284 in
723 3239 963 3285 Messiam
977 3272 994 3299 ‚
1018 3238 1110 3286 Re·
1181 3239 1304 3302 fecit
1317 3273 1334 3300 ,
1357 3241 1572 3305 petitur,
1598 3248 1651 3286 ut
1676 3242 1949 3305 assiqnetur
1967 3239 2096 3287 locus
2116 3239 2206 3287 ali·

101 3316 385 3383 demptorem
407 3318 660 3382 futurum,
692 3336 791 3367 non
821 3321 987 3367 minus
1025 3336 1109 3367 ne·
1188 3322 1299 3384 quie
1318 3355 1333 3383 7
1364 3322 1421 3367 in
1453 3336 1544 3384 quo
1575 3321 1715 3370 Deus
1749 3321 2083 3381 mandaverit,
2102 3328 2208 3376 „aut

101 3400 307 3446 cessaria
323 3399 477 3462 fuerit
498 3416 527 3446 a
551 3399 728 3448 maetndi
748 3400 940 3448 exordio
964 3417 1110 3466 quam
1188 3402 1372 3449 dixerit
1408 3418 1622 3467 expresse
1639 3441 1652 3463 7
1685 3402 1812 3468 qaod
1836 3401 1957 3467 fides
1986 3404 2044 3451 in
2075 3401 2205 3449 Mes-

103 3478 160 3523 ἐπ
180 3477 342 3527 Deam
366 3489 619 3529 creatorem
632 3498 654 3543 ‚·
670 3484 767 3530 imo
787 3484 943 3546 maqis
961 3522 974 3545 7
994 3483 1109 3546 quia
1189 3485 1314 3532 eiam
1331 3485 1398 3531 sit
1412 3483 1619 3532 absolate
1634 3468 1908 3532 'necessaria
1924 3483 1990 3532 ad
2002 3481 2202 3531 salutem

102 3568 361 3624 nonpotest
376 3579 473 3611 esse
483 3564 606 3627 fides
621 3565 676 3611 in
697 3566 935 3614 Messium
954 3603 966 3626 7
986 3566 1109 3630 quin
1185 3567 1374 3629 yenerie
1397 3564 1602 3613 humani
1613 3604 1625 3627 ‚
1650 3565 1766 3614 adeo
1786 3573 1865 3626 ut,
1885 3566 1973 3629 qui
1992 3580 2091 3613 non
2113 3581 2204 3613 cre-

101 3651 403 3705 supponatur
428 3643 568 3693 Dea-s
582 3663 603 3707 ‚-
631 3648 841 3696 maxime
871 3649 924 3694 in
951 3644 1108 3695 Deum
1189 3646 1368 3695 diderit
1384 3684 1396 3707 7
1429 3646 1737 3697 damnandus
1761 3655 1908 3709 esset,
1939 3656 2025 3696 etc.

101 3722 276 3794 absque
293 3723 502 3788 Meuia,
521 3730 756 3791 quaeritur
767 3765 783 3791 7
815 3745 962 3794 quare
981 3727 1109 3778 Deus
1259 3727 1328 3793 (3)
1362 3728 1483 3777 Loco
1513 3731 1588 3778 cit.
