2534 4088
301 216 457 254 PART.
502 218 543 253 1.
588 215 708 253 CAP.
757 214 817 251 11.
862 215 929 250 DE
971 214 1122 250 EPOC.
1169 215 1234 250 ET
1277 216 1451 252 OFFIC.
1501 215 1667 251 PROM·
1711 214 1937 252 MESSIAE.
2083 195 2161 253 65

61 368 161 417 aut
183 355 549 434 jubilaeorum
568 398 584 429 ,
614 375 748 417 cum
779 352 926 412 nihil
958 355 1080 435 ipse
1103 355 1363 435 posuerit
1382 399 1398 429 ,
1432 354 1589 414 unde
1621 365 1777 414 certo
1810 357 2160 418 constituere

61 452 346 532 possimus
367 496 383 525 ,
418 449 490 508 de
513 469 630 506 una
663 447 855 528 potius
887 469 1064 529 quam
1096 447 1169 508 de
1209 449 1318 528 alia
1346 448 1998 531 hebdomadum-specie
2024 474 2162 513 eum

61 546 234 605 fuisse
261 542 561 605 locutum?
598 542 758 602 Nihil
798 555 1074 624 praeterea
1118 555 1278 605 vetat
1317 545 1417 617 20,
1456 546 1765 624 quominus
1797 548 2163 628 septuaginta

64 639 191 698 illas
219 637 611 699 hebdomadas
646 638 727 695 ita
772 639 1114 719 accipiamus
1136 684 1152 712 ,
1183 649 1251 696 ut
1282 649 1400 696 tres
1447 638 1709 717 periodes
1747 663 1780 698 a
1809 662 1870 699 se
1910 642 2165 702 invicem

66 733 359 793 distinctas
386 744 445 792 et
462 733 724 813 diruptas
749 732 1000 792 efficiant
1016 778 1032 807 ,
1058 752 1182 813 quae
1210 730 1321 790 sibi
1346 731 1587 791 minime
1612 733 1946 795 immediate
1966 758 2164 797 succe-

67 827 242 901 dant,
281 850 418 886 sane
452 837 676 908 septem
702 828 922 908 priores
949 825 1344 887 hebdomadas
1376 847 1409 884 a
1447 827 1741 906 sexaginta
1782 829 2006 890 duabus
2039 833 2165 891 aliis

69 921 271 996 dividi,
291 921 544 981 ostendit
559 932 824 980 accentus
834 921 1109 980 Atlmach
1125 921 1187 978 in
1202 930 1368 978 textu
1383 919 1654 979 hebraico
1669 922 2164 1010 interpositus(l);

69 1028 423 1098 postremam
445 1015 662 1097 pariter
682 1037 714 1073 a
735 1014 970 1094 reliquis
994 1015 1287 1092 sexaginta
1309 1036 1525 1075 novem
1546 1014 1836 1077 divulsam
1861 1039 1983 1078 esse
1997 1064 2014 1095 ‚
2037 1032 2168 1081 tum

72 1134 142 1170 ex
171 1134 230 1171 se
258 1123 450 1193 patet,
492 1132 623 1169 cum
651 1108 810 1168 nulla
846 1108 1103 1189 alioquin
1130 1110 1277 1168 ratio
1301 1109 1451 1169 foret
1486 1110 1789 1192 peculiaris
1821 1113 2000 1194 ipsius
2038 1115 2167 1175 dis-

72 1207 361 1264 tinctionis
378 1249 395 1279 ,
425 1216 551 1262 tum
573 1225 644 1262 ex
665 1225 786 1261 non
814 1203 1009 1284 paucis
1038 1203 1149 1262 illis
1175 1204 1593 1285 interpretibus
1609 1251 1625 1280 ,
1659 1207 1760 1288 qui
1781 1207 1994 1267 harum
2020 1209 2170 1269 heb-

75 1299 385 1359 domadum
409 1296 932 1379 adimplementum
953 1298 1213 1358 referunt
1233 1299 1308 1357 ad
1336 1300 1516 1359 finem
1537 1299 1786 1378 judaicae
1815 1301 2167 1385 reipublicae.

75 1397 176 1454 His
195 1393 499 1476 praemissis
520 1438 535 1466 ,
553 1414 682 1452 cum
708 1393 995 1452 incertum
1011 1395 1087 1452 sit
1105 1440 1119 1468 ,
1144 1405 1346 1454 utrum
1367 1395 1591 1474 longius
1615 1418 1692 1454 an
1711 1395 1947 1457 brevius
1971 1400 2044 1458 sit
2074 1400 2172 1459 in-

72 1488 380 1549 tervallum
402 1533 418 1564 ,
445 1488 601 1570 quod
628 1490 778 1547 intra
809 1488 1130 1569 quamlibet
1163 1490 1405 1550 istarum
1434 1491 1808 1571 periodorum
1830 1494 2170 1571 intercedit,

71 1582 308 1642 evidens
332 1595 418 1642 est
436 1628 452 1657 ,
475 1583 624 1642 nihil
645 1584 786 1643 certi
807 1585 979 1642 statui
1004 1604 1171 1664 posse
1202 1585 1348 1644 circa
1374 1585 1630 1667 elapsam
1655 1587 1751 1648 vel
1771 1610 1893 1646 non
1915 1588 2174 1671 elapsam

71 1677 348 1758 epocham
385 1700 415 1736 a
443 1678 678 1737 Daniele
714 1679 1192 1759 praenunciatam.
1229 1680 1378 1738 Hinc
1410 1680 1474 1738 3⁰
1515 1702 1623 1740 nec
1665 1681 1878 1741 desunt
1914 1683 2175 1744 Ecclesiae

71 1774 266 1832 Patres
291 1818 307 1846 ,
339 1773 436 1854 qui
460 1772 743 1850 ejusmodi
770 1772 1004 1855 epochae
1032 1773 1557 1854 adimplementum
1580 1776 1838 1835 referant
1863 1776 1938 1836 ad
1966 1779 2174 1839 mundi

71 1867 267 1925 finem.
295 1869 457 1946 Ergo.

158 1962 269 2020 109
314 1964 482 2043 Resp.
525 1963 678 2042 Neq.
711 1975 902 2023 anteo.
931 1963 1018 2023 Ad
1048 1965 1124 2022 1¹1¹
1159 1963 1329 2046 prob.
1357 1965 1643 2042 Dicimus,
1669 1977 1940 2028 naturam
1962 1970 2174 2030 harum

70 2053 567 2116 hebdomadarum
588 2057 895 2139 multiplici
923 2058 1146 2117 ratione
1175 2070 1330 2117 certo
1366 2060 1596 2118 definiri
1623 2083 1812 2141 posse.
1850 2064 1928 2122 Ac
1959 2064 2022 2121 19
2051 2086 2174 2124 non

73 2148 472 2228 intelligendas
502 2173 623 2211 esse
648 2151 720 2210 de
754 2151 1136 2211 hebdomadis
1165 2152 1392 2211 dierum
1412 2199 1427 2226 ,
1455 2153 1744 2213 substrata
1771 2157 1896 2237 ipsa
1931 2159 2176 2218 materia

75 2241 386 2316 admonet,
413 2245 700 2304 sexdecim
733 2247 889 2304 enim
920 2247 1212 2306 mensium
1255 2248 1508 2328 spatium
1549 2269 1745 2307 rerum
1786 2250 2019 2310 illarum
2046 2274 2176 2312 am-

73 2334 380 2416 plitudini,
420 2359 548 2418 quae
581 2350 708 2397 tum
734 2362 793 2401 v.
832 2341 934 2398 24.
969 2353 1098 2398 tum
1140 2363 1302 2422 seqq.
1337 2345 1843 2422 praenunciantur,
1868 2346 2177 2429 haudqua-

76 2451 252 2510 quam
294 2431 670 2504 sufficerent3
726 2432 927 2491 volens
977 2445 1258 2514 praeterea
1300 2436 1542 2510 Daniel,
1579 2440 1669 2512 X,
1720 2440 1793 2513 2,
1838 2440 1909 2514 3,
1949 2441 2176 2501 hebdo-

75 2523 274 2582 madas
296 2524 522 2583 dierum
544 2526 892 2607 exprimere,
915 2548 1114 2587 vocem
1138 2529 1377 2586 dierum
1395 2529 1575 2588 semel
1590 2531 1920 2614 iterumque
1944 2535 2177 2612 adJecit,

78 2641 192 2702 quo
232 2641 352 2677 non
378 2618 619 2678 obscure
658 2621 876 2678 indicat
903 2621 1010 2679 hoc
1045 2621 1169 2680 loco
1193 2621 1330 2680 alias
1352 2622 1748 2684 hebdomadas
1774 2627 2181 2708 intelligendas

79 2734 221 2773 esse.
263 2714 330 2770 20
369 2715 571 2796 Neque
608 2714 855 2793 intelligi
882 2737 1050 2796 posse
1086 2716 1161 2775 de
1194 2716 1575 2777 hebdomadis
1608 2722 2047 2801 septenniorum
2085 2723 2183 2786 vel

73 2806 438 2885 jubilaeorum
485 2809 594 2867 hoc
636 2811 1010 2885 vaticinium,
1051 2811 1310 2889 ejusdem
1350 2834 1547 2872 rerum
1583 2815 1970 2893 gerendarum
2008 2840 2184 2899 argu-

83 2912 351 2962 mentum
382 2903 621 2977 suadet;
654 2904 1141 2985 protraherentur
1176 2907 1332 2966 enim
1359 2929 1450 2967 res
1472 2911 1882 2989 praenunciatae
1916 2912 1991 2971 ad
2022 2913 2182 2973 3430

83 3017 370 3078 annorum
394 3000 646 3079 spatium
666 3045 681 3073 ,
711 3001 759 3058 si
785 2999 856 3059 de
882 2999 1345 3060 hebdomadibus
1383 3004 1823 3084 septenniorum
1843 3050 1858 3078 ,
1890 3018 1950 3065 et
1978 3006 2052 3065 ad
2079 3028 2181 3066 an-

83 3113 188 3150 nos
221 3091 445 3166 24‚500
475 3139 489 3167 ,
518 3094 564 3151 si
591 3093 663 3153 de
697 3093 1156 3155 hebdomadibus
1180 3095 1552 3174 ,jubilaeorum
1591 3120 1782 3158 sermo
1813 3111 1997 3175 esset,
2048 3122 2183 3161 cum

85 3196 282 3245 tamen
328 3185 487 3246 urbis
519 3209 583 3247 ac
617 3189 820 3271 templi
855 3190 1140 3267 excidium
1182 3190 1626 3252 subsecuturum
1664 3194 1812 3252 LXX
1856 3194 2183 3256 hebdoma-

90 3277 254 3348 dibus
291 3284 764 3361 praenuncientur
797 3330 812 3358 ,
863 3286 1020 3366 quod
1048 3285 1276 3364 jamdiu
1320 3287 1704 3369 adimpletum
1744 3289 1920 3349 oculis
1975 3291 2188 3350 nostris

90 3374 390 3443 cernimus,
428 3376 492 3434 30
526 3379 723 3437 Restat
746 3379 918 3459 igitur
939 3426 955 3455 ,
994 3391 1060 3437 ut
1086 3379 1157 3441 de
1178 3380 1310 3440 solis
1337 3380 1719 3442 hebdomadis
1748 3406 2040 3444 annorum
2068 3387 2189 3444 Da-

92 3464 304 3526 nielem
329 3468 588 3530 locutum
628 3494 749 3532 esse
784 3475 1102 3534 necessario
1145 3486 1463 3536 statuamus
1493 3522 1507 3552 ,
1542 3499 1789 3560 quarum
1824 3479 2188 3562 septuaginta

161 3671 231 3735 (l)
263 3671 334 3720 Ita
365 3672 680 3727 Rosenmtiller
707 3681 757 3728 in
774 3695 873 3745 cap.
892 3696 939 3730 rx
955 3717 967 3743 ‚
985 3679 1105 3732 Dan.
1123 3698 1229 3747 pag.
1252 3678 1350 3731 315
1374 3690 1420 3731 et
1445 3699 1542 3750 seq.
1568 3693 1613 3734 et
1638 3693 1745 3734 ante
1762 3686 1912 3750 ipsum
1934 3682 2185 3739 Marsham.

251 3753 315 3809 T.
365 3754 456 3812 IV.
1913 3763 1950 3820 5
