2534 4088
354 112 472 174 174

1032 127 1224 168 TRACT.
1269 129 1341 167 DE
1385 129 1820 169 mCARNA‘rIONE.
1862 141 1865 143 ’

350 275 413 337 id
436 276 628 358 ipsum
664 269 906 331 tradunt
925 267 1001 328 de
1032 267 1246 343 Foebi,
1277 289 1380 330 seu
1411 271 1564 331 Xaca
1595 272 1708 353 (1).
1740 273 1955 332 Verum
1982 270 2098 330 huc
2116 272 2356 355 propius
2381 284 2476 334 at-

351 374 588 452 tingunt
605 414 622 444 .‚
654 387 783 449 quae
806 370 995 447 poetae
1019 363 1092 424 de
1115 364 1341 444 virgine
1369 367 1603 427 Justitia
1624 389 1726 428 seu
1754 368 2328 453 Astraeabcecinerunt:
2353 368 2474 451 (2),

348 489 466 550 quo
496 472 763 547 spectant
785 482 917 543 quae
947 459 1022 520 de
1051 482 1356 522 reversura
1378 482 1553 521 aurea
1577 473 1748 524 aetate
1774 463 2043 545 Virgilius
2063 510 2079 539 a
2106 464 2331 546 Ecloya
2350 466 2473 541 IV,

350 584 414 623 v.
457 560 495 619 4
542 570 600 618 et
635 578 803 640 seqq.
849 554 1051 617 scribit
1077 602 1094 631 ‚
1141 554 1243 615 ubi
1291 555 1461 639 plura
1499 578 1635 617 cum
1675 560 1837 618 Isai‘ae
1875 560 2149 621 vaticinio
2177 605 2194 637 7
2241 581 2372 642 quae
2399 558 2474 620 de

350 655 642 723 nascituro
667 674 853 737 puero
877 653 941 712 in
966 674 1071 711 suo
1097 652 1355 711 carmine
1383 664 1664 726 exornat,
1684 652 1860 736 plane
1892 666 2224 736 congruunt
2251 654 2362 735 (3).

430 750 574 811 296.
624 750 773 809 Cum
807 748 983 829 igitur
1015 748 1276 808 vaticinii
1309 749 1471 808 Isa'iae
1502 759 1711 808 natura
1741 761 1800 809 et:
1826 749 2097 828 adjuncta
2118 750 2316 811 omnia
2341 770 2471 809 ma-

351 847 635 907 nifestent
653 890 669 922 ,
698 843 780 904 ibi
804 842 878 904 de
907 843 1114 904 Messia
1137 865 1170 903 e
1197 844 1422 923 virgine
1465 857 1655 905 matre
1693 846 1986 905 nascituro
2027 847 2472 928 praedictionem

348 940 658 1017 contineri3
690 960 825 1000 cum
849 938 985 998 huic
1027 950 1353 1019 congruant
1380 940 1682 1023 prophetae
1721 942 1895 1002 ceteri
1922 986 1938 1017 2
1975 942 2169 1024 qui‘id
2189 954 2472 1024 tanquam

351 1083 619 1134 Commeat.
659 1087 839 1146 exeqet.
879 1079 978 1129 vol.
1019 1095 1074 1127 111
1091 1116 1106 1140 ‚
1146 1088 1271 1145 part.
1311 1095 1329 1127 1
1355 1116 1373 1140 ‚

347 1180 460 1233 pag.
476 1164 577 1214 300
593 1200 608 1224 ‚
628 1165 710 1230 qui
737 1179 793 1211 ex
813 1161 1050 1210 Herodoto
1069 1198 1083 1222 ,
1101 1178 1155 1209 111
1176 1197 1190 1221 ‚
1211 1157 1276 1209 28
1294 1197 1308 1221 ‚
1327 1169 1374 1210 et

347 1247 530 1296 AEliano
547 1280 564 1310 ‚
580 1243 724 1294 Hist.
745 1244 902 1293 anim.
921 1242 1009 1292 lib.
1038 1259 1093 1291 xi
1110 1280 1125 1302 ‚
1166 1258 1183 1291 ι
1195 1258 1226 1290 ο
1243 1279 1258 1302 ,
1274 1242 1374 1290 haec
1419 1246 1421 1248 ’

348 1329 483 1380 affert
510 1345 526 1378 ι
558 1324 731 1378 Γίνεται
773 1327 824 1375 ἔκ,
855 1321 962 1387 βοές
979 1361 995 1388 ,
1025 1328 1086 1378 εἷς
1111 1321 1156 1381 ἓν
1187 1320 1372 1394 οὖρᾴηον

349 1407 491 1464 bizas
510 1406 701 1473 ἔμοι-ενδ,
716 1413 887 1476 σποραῖς
898 1404 1036 1457 aei'reo‘r
1055 1407 1219 1469 ε’στι...,
1230 1407 1279 1456 id
1288 1416 1371 1467 est,

347 1493 586 1544 Nascitur
614 1500 775 1540 autem
801 1490 981 1556 (Apis)
1014 1507 1073 1538 ea·
1104 1506 1251 1539 vacca
1269 1525 1283 1549 ,
1317 1490 1374 1544 in

348 1593 496 1642 quam
524 1573 749 1624 incidens
777 1571 975 1621 coelestis
989 1571 1155 1637 fulqor
1172 1588 1372 1637 concep-

349 1659 501 1710 tionis
524 1673 672 1706 causa
692 1656 753 1720 fic
766 1653 1006 1721 praedicto
1031 1656 1046 1718 (
1058 1653 1197 1719 Apidi
1215 1654 1252 1715 ).
1272 1652 1372 1701 Ad-

349 1741 523 1791 dantur
536 1738 754 1797 Ovidius,
770 1733 1093 1802 Metamorph.
1116 1736 1201 1784 lib.
1222 1753 1301 1795 xv,
1319 1727 1368 1784 v'.

352 1819 453 1890 760
469 1832 514 1871 et
527 1838 662 1888 seqq.
678 1830 724 1869 et
740 1818 888 1868 Varro
907 1855 922 1880 ,
939 1818 1063 1884 apud
1079 1817 1132 1866 S.
1150 1817 1371 1883 Augusti-

350 1922 466 1953 num
486 1941 501 1965 ‚
533 1902 614 1952 De
644 1903 745 1951 civ.
778 1899 884 1950 Dei
915 1900 1006 1948 lib.
1039 1915 1126 1960 ιιι,
1159 1916 1264 1963 cap.
1298 1895 1333 1960 4
1353 1934 1367 1958 ,

350 1987 512 2037 dicens
541 2002 556 2035 ε
595 1983 727 2034 Utile
750 1992 822 2033 est
855 1980 1137 2031 civitatibus
1152 2014 1169 2043 ,
1194 1987 1250 2027 ut
1272 1980 1373 2027 viri

346 2069 494 2135 sortes
513 2084 563 2116 se
593 2083 652 2116 eat
682 2065 782 2115 diis
800 2066 988 2131 qenitos
1016 2080 1113 2112 esse
1135 2061 1336 2111 credant
1353 2098 1367 2121 ‚

351 2159 410 2200 ut
450 2151 647 2199 animus
671 2147 918 2196 humanus
933 2182 949 2209 ‚
974 2146 1160 2194 divinar
1200 2145 1371 2209 stirpis

347 2231 591 2298 fiduciam
615 2246 784 2295 qerens
804 2266 820 2291 ‚
849 2245 925 2277 res
958 2243 1162 2292 maynas
1202 2226 1374 2291 adqre-

353 2314 557 2363 diendas
586 2318 862 2379 praesumat
891 2309 1146 2359 audacius.
1175 2308 1373 2374 AEgyptii

358 2395 624 2446 statuebant
644 2429 662 2456 ,
712 2404 765 2443 ιιι
810 2393 951 2442 refert
997 2391 1273 2440 Plutarchus
1323 2393 1374 2438 in

354 2479 558 2539 Numa,
589 2494 695 2543 cap.
729 2475 763 2540 4
792 2491 807 2525 2
834 2476 914 2528 Ὠς
953 2469 1128 2534 voram}
1169 2468 1252 2536 μὲν
1299 2474 1374 2521 οὼι

358 2558 599 2623 οἱδᾶηιτον,
627 2563 804 2622 πνεῖμι
834 2556 1093 2613 arana-colom
1121 2559 1233 2605 θεοῦ
1251 2593 1263 2614 ,
1293 2552 1371 2604 καὶ

357 2664 480 2697 τινας
520 2642 699 2692 ἐντεκεῖν
737 2639 886 2707 οἱρχιὶς
913 2638 1126 2700 γενέσεως
1145 2677 1158 2702 ,
1189 2636 1239 2687 id
1265 2649 1332 2687 est
1359 2654 1374 2687 t

357 2724 505 2776 Nihil
527 2723 781 2791 prohibere
811 2757 829 2785 ‚
880 2724 1006 2787 quin
1039 2721 1221 2770 halitus
1266 2723 1377 2784 (seu

359 2807 574 2875 spiritus)
599 2805 704 2855 Dei
721 2804 951 2871 appulsus
968 2803 1168 2852 mulieri
1176 2803 1377 2870 prinni-

353 2891 446 2958 pia
459 2888 694 2956 infundat
701 2888 1047 2954 ymen-ationis.
1061 2885 1172 2934 Haec
1187 2886 1379 2955 quidem

362 2974 546 3040 aliaque
581 2969 811 3039 ejusmodi
847 2969 1098 3019 ostendunt
1135 2967 1381 3032 pervulga-

363 3065 462 3104 tam
484 3073 540 3104 ex
557 3050 833 3120 primigenia
852 3051 1101 3100 traditione
1122 3050 1381 3115 persuasio-

363 3153 473 3186 nem
500 3136 562 3184 de
588 3134 924 3201 supernaturali
956 3131 1164 3199 quadam
1188 3149 1245 3179 ex
1270 3129 1383 3179 Vir-

366 3221 473 3286 gine
520 3219 822 3282 conceptione
872 3225 920 3266 et
970 3216 1207 3264 nativitate
1257 3211 1382 3278 apud

365 3304 489 3367 ipsos
501 3299 710 3349 ethnicos
726 3314 741 3362 3
759 3301 842 3365 qui
856 3309 1012 3348 tamen
1028 3314 1078 3347 ea
1094 3296 1228 3346 abusi
1245 3305 1353 3343 sunt
1364 3331 1378 3356 ,

367 3383 483 3433 dum
515 3399 620 3431 eam
652 3381 986 3430 transtulerunt
1017 3376 1078 3430 ad
1108 3378 1218 3428 deos
1243 3388 1382 3444 atque

366 3467 532 3515 heroas
560 3481 666 3515 suos
685 3501 698 3524 ,
727 3473 780 3512 ut
805 3465 857 3511 in
885 3463 1116 3530 plerisque
1142 3461 1265 3510 aliis.
1285 3458 1388 3507 Hoc

370 3549 555 3597 interim
578 3547 697 3596 lucri
726 3544 990 3594 habemus:
1019 3552 1065 3593 ιΟ
1086 3545 1171 3593 has
1199 3541 1386 3590 easdem

372 3630 708 3696 mythologicas
753 3626 1046 3677 ethnicorum
1098 3626 1386 3676 narrationes

1454 1089 1590 1130 testes
1615 1098 1712 1130 esse
1738 1082 2012 1147 antiquioris
2039 1082 2239 1130 veritatis
2262 1081 2467 1146 origina-

1453 1163 1532 1210 riae
1545 1180 1559 1225 ;
1584 1171 1637 1211 2⁰
1655 1179 1808 1229 neque
1833 1163 2155 1213 incredibilem
2170 1200 2185 1224 ‚
2209 1180 2363 1229 neque
2386 1160 2473 1211 ab·

1453 1245 1648 1294 surdum
1689 1247 1921 1313 ejusmodi
1961 1256 2240 1311 conceptum
2272 1259 2473 1311 paganos

1452 1328 1576 1393 ipsos
1612 1329 1894 1378 existimasse
1911 1365 1927 1389 ,
1962 1338 2015 1376 ut
2045 1325 2264 1378 adversus
2291 1343 2368 1377 eos
2395 1344 2472 1376 ar-

1452 1409 1655 1474 guebant
1681 1412 1780 1476 jam
1812 1411 2123 1477 antiquissimi
2154 1410 2345 1473 Patres;
2379 1409 2470 1459 cfr.

1455 1490 1647 1556 Origen.
1678 1489 1812 1540 Ado.
1844 1491 2070 1554 Celsum,
2098 1491 2182 1540 lib.
2212 1506 2232 1542 1
2253 1529 2268 1553 ,
2298 1510 2351 1541 n.
2373 1492 2468 1559 373

1454 1572 1606 1623 Clem.
1635 1572 1768 1623 Alex.
1799 1571 1979 1622 Strom.
1999 1573 2086 1622 lib.
2106 1590 2124 1621 1
2143 1609 2158 1634 ,
2187 1591 2295 1638 pag.
2328 1572 2421 1621 321
2444 1607 2463 1634 ,

1456 1654 1540 1720 24.
1558 1656 1670 1704 edit.
1689 1654 1957 1722 Sylburgii3
1983 1654 2159 1703 Justin.
2177 1652 2323 1704 Dial.
2355 1670 2468 1702 eum

1461 1736 1651 1804 Tryph.
1670 1755 1723 1787 n.
1742 1734 1806 1805 67
1821 1775 1835 1799 ,
1851 1747 1941 1788 etc.
1963 1736 2016 1785 3ο
2035 1735 2296 1802 Colligitur,
2313 1752 2469 1802 perpe·

1451 1838 1551 1869 ram
1564 1820 1880 1881 rationalistas‚
1890 1818 2288 1884 utWegscheider‚
2298 1818 2465 1875 Bauer,

1451 1904 1703 1967 praesertim
1731 1919 1838 1950 vero
1875 1901 2079 1949 Ammon
2109 1902 2160 1948 in
2193 1899 2465 1947 Comment-

1451 1982 1510 2030 de
1527 1982 1913 2049 primordiorum
1937 1980 1990 2029 J.
2023 1980 2083 2031 C.
2110 1981 2332 2047 sontibus
2351 2018 2364 2040 ‚
2385 1982 2469 2029 in-

1452 2066 1705 2114 crementis
1718 2072 1763 2114 et
1782 2082 1913 2113 nexu
1935 2080 2047 2112 cum
2074 2062 2304 2129 reliqione
2320 2062 2468 2112 chris·

1453 2148 1591 2197 tiana
1609 2182 1626 2210 ‚
1650 2151 1700 2196 in
1728 2166 1839 2213 opp.
1861 2149 2034 2196 noviss.
2066 2145 2276 2212 Gotting.
2312 2142 2466 2207 1803,

1455 2229 1666 2298 undique
1692 2230 1930 2279 corradere
1958 2247 2013 2278 ex
2043 2229 2236 2295 profana
2266 2230 2473 2295 antiqui·

1456 2324 1546 2362 tate
1577 2313 1956 2380 ejusmodi'dicta
1985 2322 2066 2360 aut
2097 2311 2216 2361 facta
2233 2349 2247 2372 ‚
2271 2321 2323 2360 ιιι
2345 2311 2472 2359 infe-

1457 2406 1559 2444 rant
1586 2398 1940 2461 conceptionem
1971 2412 2025 2443 ex
2051 2394 2240 2459 Virgine
2267 2394 2472 2442 referen-

1458 2478 1565 2527 dam
1588 2495 1684 2527 esse
1699 2478 1759 2526 ad
1777 2477 1965 2543 mythos
1984 2493 2288 2541 paganorum.
2311 2473 2473 2541 Neque

1459 2560 1773 2609 omittendum
1796 2596 1810 2618 ‚
1841 2574 1939 2606 non
1968 2574 2115 2622 pauca
2144 2575 2200 2605 ex
2243 2557 2474 2623 ejusmodi

1460 2660 1561 2709 quae
1579 2641 1969 2691 circumferuntur
1992 2640 2119 2688 factis
2133 2674 2148 2698 ‚
2174 2642 2211 2687 si
2237 2639 2297 2687 ad
2318 2656 2476 2687 amus-

1462 2727 1549 2773 sim
1578 2732 1905 2773 revocarentur
1922 2761 1936 2783 ‚
1963 2740 2149 2771 sensum
2189 2722 2477 2787 praeseferre

1462 2809 1594 2874 longe
1630 2808 1864 2856 diversum
1902 2805 1962 2854 ab
1996 2822 2050 2854 eo
2074 2843 2087 2865 ‚
2127 2821 2269 2871 quem
2303 2803 2478 2854 eisdem

1463 2890 1756 2939 rationalistae
1785 2887 2034 2952 affingunt.

1530 2971 1602 3036 (l)
1642 2969 1739 3020 cfr.
1760 2969 1955 3036 Langlet
1969 3006 1983 3029 ‚
2007 2966 2117 3016 Not.
2138 2967 2197 3015 ad
2219 2968 2479 3015 versionem

1464 3054 1678 3119 gallicam
1741 3050 2122 3116 Thunberqiam'
2180 3048 2433 3096 itinerarii
2465 3084 2480 3109 ,

1465 3148 1582 3185 tom.
1609 3153 1647 3184 11
1671 3129 1696 3194 ‚⁹
1714 3152 1822 3201 pag.
1863 3131 1973 3181 162.

1534 3217 1607 3283 (2)
1630 3217 1741 3267 Vid.
1756 3215 1905 3264 Arati
1917 3211 2169 3262 Phaenom.
2188 3231 2229 3260 v.
2245 3208 2314 3278 96
2325 3216 2373 3261 et
2382 3227 2482 3279 seq.

1469 3301 1688 3351 Manilius
1705 3338 1719 3361 ,
1738 3297 2071 3348 Astronomic.
2095 3315 2144 3346 v.
2169 3293 2268 3360 545
2290 3304 2336 3345 et
2348 3311 2483 3362 seqq.

1534 3381 1601 3447 (3)
1637 3381 1910 3447 Analogiam
1927 3383 2049 3430 inter
2068 3379 2202 3429 Isa'iae
2218 3379 2484 3428 vaticinium

1470 3476 1517 3517 et
1534 3465 1844 3532 Virgilianum
1875 3480 2063 3513 carmen
2083 3461 2284 3512 ostendit
2303 3459 2484 3510 Roseu-

1470 3548 1639 3598 miiller
1656 3585 1670 3610 ,
1687 3550 1737 3596 in
1756 3548 1884 3595 hunc
1900 3547 2075 3607 locum,
2095 3546 2154 3595 ad
2169 3547 2313 3595 finem
2332 3554 2488 3593 tamen

1472 3648 1610 3681 suum
1629 3669 1643 3693 ‚
1675 3630 1734 3680 de
1765 3647 1859 3697 quo
1890 3639 2068 3696 postea.
