2534 4088
210 281 372 318 PART..
420 281 460 316 1.
507 277 632 314 CAP.
678 272 746 312 11.
793 276 860 311 DE
903 274 1057 312 EPOG.
1105 275 1171 312 ΕΤ
1215 275 1391 314 OFFIC·
1435 274 1604 313 PROM.
1653 275 1882 311 MESSIAE.
2055 255 2129 313 87

127 418 263 478 146.
311 418 399 479 Ad
434 417 539 491 6¹1⁸„
581 417 738 475 Dist.
777 416 1088 496 Per-peram
1137 413 1468 486 intellecta,
1514 435 1715 486 conc..·,
1762 435 1905 473 sano
1957 434 2131 474 sensu

40 525 99 574 et
136 535 267 572 eum
314 511 513 571 ceteris
546 509 828 570 vaticiniis
859 508 1064 568 collata
1090 552 1107 583 ‚
1146 530 1278 589 neq.
1304 509 1505 568 Multa
1537 515 1609 568 in
1649 514 1839 571 sacris
1881 510 2094 568 litteris
2114 555 2130 584 .,

40 619 106 669 ut
145 628 379 667 rursum>
419 604 652 664 Grotius
695 604 777 664 ait
809 648 828 679 ,
861 625 981 663 non
1023 623 1095 662 ea·
1129 604 1495 681 proprietate
1537 605 1886 676 verborum,
1928 604 2032 662 sed
2066 605 2135 677 Ιί-

33 725 193 783 yura
233 700 503 781 quadam
538 721 652 759 esse
692 698 1077 778 iutelliyenda
1103 742 1120 772 a
1165 718 1243 756 ne
1280 700 1408 775 ipsi
1443 698 1686 775 quidem
1724 699 1939 757 Judaei
1962 702 2134 778 iquo-

38 808 184 856 rant
194 819 217 864 ;
240 806 309 856 ut
321 817 460 855 cum
486 796 649 854 Deus
670 794 1025 852 descendisse
1045 793 1313 864 dicitur3
1342 810 1484 850 cum
1506 795 1566 849 ei
1584 812 1645 851 os
1663 837 1680 866 ,
1710 815 1891 852 aures
1905 839 1921 868 ‚
1951 795 2133 867 oculi,

37 912 215 951 nares
253 891 637 949 tribuuntur.
684 889 924 968 Quidni
953 905 1086 965 erqo
1112 886 1276 945 huuc
1317 889 1388 943 in
1426 886 1678 947 modum
1698 889 2058 967 explicemus
2085 899 2141 946 et

31 987 316 1064 pleraque
362 985 431 1043 de
471 984 703 1043 Messioe
761 981 1124 1059 temporibus
1172 978 1380 1039 dicta?
1425 981 1653 1060 Qualia
1689 979 1839 1041 suut
1850 1024 1875 1053 ,
1918 984 2137 1062 lupum

38 1102 178 1138 cum
217 1099 371 1158 ayno
393 1121 417 1150 ,
453 1079 720 1156 pardum
769 1096 910 1134 cum
961 1075 1124 1134 hoedo
1147 1119 1164 1148 ,
1219 1076 1444 1133 leonem
1475 1096 1615 1134 cum
1662 1096 1760 1135 ove
1805 1078 2138 1136 stabulatu—

39 1196 210 1247 rum3
242 1176 522 1232 lusurum
563 1191 707 1230 cum
742 1170 1048 1249 anquibus
1079 1172 1408 1248 infantemg
1454 1180 1711 1229 montem
1738 1173 1858 1231 Dei
1890 1192 2137 1231 surrec—

42 1280 257 1327 turum.
289 1287 477 1344 supra
515 1275 736 1323 montes
761 1266 944 1337 alios;
977 1269 1046 1323 in
1075 1276 1326 1324 montem
1365 1266 1511 1324 Sion
1548 1276 1823 1326 venturos
1864 1268 2141 1347 alieniqe-

40 1385 153 1422 nas
183 1406 200 1436 .,
230 1372 300 1421 ut,
323 1380 500 1420 sacra
530 1363 776 1438 faciant
807 1357 940 1440 (l)?

62 1512 67 1516 .
124 1456 258 1515 147.
304 1457 412 1514 Per
451 1458 797 1514 novissimos
836 1464 1031 1514 autem
1067 1454 1192 1515 dies
1241 1466 1370 1515 tum
1411 1454 1486 1516 ab
1517 1458 1665 1516 Isaia
1701 1468 1831 1517 tum
1864 1479 1898 1516 a
1934 1457 2138 1517 ceteris

35 1549 330 1631 prophetis
371 1549 675 1629 significari
715 1547 985 1609 ultimam
1026 1560 1258 1610 aetatem
1284 1595 1301 1626 .,
1346 1565 1448 1611 seu
1489 1572 1681 1612 aevum
1726 1553 1947 1617 Messiae
1968 1598 1987 1629 ‚
2032 1574 2135 1613 seu

33 1777 170 1832 eaput
201 1786 226 1815 x
284 1766 552 1816 Ezechielis.
598 1765 688 1816 Alii
750 1768 1039 1818 contendunt

33 1849 228 1897 describi
274 1849 506 1914 templum·
543 1847 924 1911 salomonicum,
957 1850 1039 1898 atii

34 1929 417 1981 Zorobabelicum
438 1968 454 1991 ,
487 1930 566 1980 alii
592 1930 773 1991 ideale‚
805 1931 883 1981 alii
912 1949 1036 1997 sym·

31 2012 235 2063 bolicum
279 2030 332 2065 ac
368 2015 657 2079 mysticum&
692 2013 769 2064 alii
801 2030 936 2062 sensu
970 2013 1039 2060 lit·

35 2091 165 2142 terali
176 2094 526 2162 intelligendum
550 2095 825 2160 prophetam
840 2095 1001 2143 volunt
1017 2130 1034 2156 ,

34 2174 111 2223 alii
136 2184 317 2223 tantum
338 2177 388 2223 in
406 2193 541 2225 sensu
568 2176 826 2241 spirituali,
856 2176 934 2225 alii
957 2176 1039 2225 de-

36 2257 179 2320 nique
206 2255 376 2320 partim
402 2255 586 2305 litterali
605 2259 771 2322 partim
791 2251 1037 2322 spirituaii.

35 2335 271 2402 Quidquid
287 2339 369 2397 sitq
380 2337 501 2387 nihil
515 2340 625 2386 eet-ti
642 2336 859 2387 affirmari
874 2349 1038 2404 potest.

33 2416 278 2469 Sti-ennam
333 2435 521 2483 operam
563 2422 749 2469 navavit
787 2422 839 2468 in
881 2421 1041 2484 templi

35 2498 291 2548 Ezechielis
327 2500 475 2548 forma
522 2510 569 2548 et
600 2501 905 2566 amplitudine
934 2518 1042 2550 cum

35 2583 128 2629 suis
162 2580 367 2649 partibus
406 2581 702 2630 describenda
736 2582 874 2636 Joan.
906 2582 1039 2648 Bapt.

35 2656 353 2729 Villalpandus
373 2699 387 2721 ‚
422 2664 472 2710 in
499 2679 580 2728 op.
611 2666 687 2711 cui
732 2663 894 2711 titulus
928 2681 942 2711 τ
968 2656 1040 2712 De

29 2750 267 2807 postrema
295 2741 573 2792 Ezechielis
593 2743 838 2811 prophetoe
853 2746 1039 2793 visione
1087 2754 1090 2758 ’

37 2821 186 2872 Joau.
200 2825 348 2890 Bapt.
372 2823 426 2872 V
422 2823 699 2891 illalpaudi,
717 2822 1041 2875 Cordubensis

38 2921 63 2952 e
95 2904 204 2953 Soc.
228 2904 347 2953 ἄθεα
365 2940 381 2967 ,
422 2909 539 2954 tomi
572 2907 776 2955 secundi
805 2907 1040 2974 explano·

35 2986 223 3033 tionum
237 3003 358 3052 pars
386 2987 629 3049 secunda,
656 2990 714 3036 in
745 3006 840 3054 qua
877 2989 1043 3055 templi

38 3069 228 3134 ejusque
255 3085 477 3118 vasorum
496 3070 656 3134 forma
685 3079 787 3119 tum
803 3087 1040 3120 commen-

38 3150 180 3197 tariis
207 3158 307 3198 tum
337 3153 485 3199 oeneis
526 3151 899 3217 quamplurimis
937 3153 1040 3200 des-

40 3230 354 3294 criptionibus
371 3234 662 3298 exprimitur
679 3270 693 3293 ‚
711 3236 888 3299 paginis
910 3232 1010 3282 655
1025 3272 1038 3295 ‚

43 3307 188 3358 forma
206 3316 400 3361 maxima
418 3332 439 3374 ;
467 3318 652 3364 accessit
670 3332 686 3363 ε
714 3315 860 3363 Tomi
878 3333 931 3363 111
956 3333 1044 3381 ap·

37 3397 240 3452 paratus
279 3392 429 3441 Urbis
445 3411 501 3442 ac
527 3395 693 3462 templi
712 3396 1040 3462 hierosolymi-

45 3471 153 3516 tani
167 3505 181 3529 ‚
205 3488 345 3536 pars.
371 3492 390 3522 1
410 3484 455 3522 et
480 3494 514 3523 11
532 3512 548 3536 ‚
573 3482 720 3528 Joau.
749 3478 898 3544 Bapt.
931 3481 988 3528 V
983 3479 1045 3527 il-

44 3548 262 3614 lalpaudi
295 3554 500 3604 Cordub.
527 3575 552 3604 e
580 3555 694 3610 Soc.
727 3558 849 3607 Jesu
873 3559 1038 3609 collato

44 3631 201 3679 studio
223 3649 334 3681 cum·
353 3634 427 3684 H.
455 3637 621 3687 Prado
642 3656 700 3688 ex
720 3641 882 3688 eadem
898 3641 1007 3691 Soc.
1019 3677 1034 3701 ,

44 3715 219 3777 paginis
265 3713 359 3781 547
381 3753 393 3777 ‚
422 3716 576 3767 Romae
610 3718 755 3783 1604.
786 3722 856 3770 De
879 3724 1038 3772 eodem

1126 1780 1399 1834 argumento
1447 1771 1729 1835 scripserunt
1768 1769 1948 1819 Ludov.
1995 1769 2138 1820 Com-

1126 1854 1290 1917 peigne
1304 1889 1318 1911 ‚
1336 1850 1406 1902 De
1418 1851 1551 1918 VeJ'el
1567 1870 1622 1902 ex
1638 1852 1666 1901 J
1670 1853 1798 1903 udaeo
1815 1851 2107 1902 Christianus
2123 1891 2137 1913 ‚

1125 1933 1345 1983 Matthias
1357 1934 1649 1984 Henfereffus
1662 1934 1989 2000 Tubingensis,
2005 1935 2139 1985 Ca'm·

1124 2019 1284 2082 pegius
1301 2052 1315 2074 ‚
1330 2015 1541 2082 Vitringa
1559 2053 1575 2076 ‚
1590 2015 1813 2082 Coccejus
1831 2052 1846 2074 ‚
1866 2014 2098 2065 Sturmius
2123 2053 2136 2076 ‚

1125 2093 1281 2166 Meyer
1299 2135 1312 2156 ‚
1340 2090 1531 2146 Blasche
1551 2134 1564 2157 ‚
1593 2108 1683 2146 etc.

1193 2178 1267 2246 (l)
1303 2178 1410 2227 Non
1447 2196 1546 2228 esse
1577 2179 1923 2227 immutandum
1958 2189 2137 2228 n'aturae

1125 2259 1339 2309 ordinem
1368 2261 1649 2309 adveniente·
1672 2260 1838 2309 Messia
1857 2297 1871 2321 ,
1902 2261 2137 2326 antiquio-

1125 2357 1196 2391 res
1222 2341 1371 2391 Judaei
1399 2359 1483 2407 pro
1500 2351 1622 2391 certo
1651 2340 1921 2405 habebant,
1954 2353 1997 2391 et
2026 2358 2141 2407 eaepe

1125 2425 1325 2475 occurrit
1341 2425 1393 2472 in
1407 2425 1612 2488 ipsorum
1630 2424 1761 2473 libris
1780 2460 1793 2484 ‚
1820 2426 2074 2490 praesertim
2086 2426 2138 2472 in

1126 2513 1254 2553 tract.
1285 2500 1601 2565 Sauhedrin,
1630 2505 1755 2570 apud
1784 2504 1995 2569 Ugolini,
2019 2515 2136 2553 tom.

1126 2600 1248 2647 xxv3
1270 2585 1348 2633 sed
1365 2595 1579 2650 praeterea
1592 2587 1642 2633 in
1658 2585 1741 2635 lib.
1764 2583 1927 2634 Sohar
1943 2623 1956 2646 ‚
1976 2583 2133 2635 Exod.

1123 2665 1207 2714 fol.
1226 2665 1313 2733 93,
1331 2665 1422 2714 col.
1446 2664 1564 2730 378,
1584 2682 1688 2733 quae
1708 2666 1786 2715 hic
1809 2668 2024 2733 leguntur
2040 2705 2053 2728 ‚
2072 2667 2134 2716 Is.

1124 2762 1160 2795 n
1176 2783 1189 2805 ‚
1207 2762 1237 2794 2
1252 2784 1266 2807 ,
1284 2757 1581 2812 exponuntur
1598 2765 1735 2796 sensu
1753 2749 1997 2813 spirituali.
2022 2747 2124 2799 Cfr.

1122 2828 1469 2894 Schoettgenius
1488 2866 1502 2890 ‚
1529 2828 1611 2877 De
1633 2827 1814 2878 Messia
1833 2869 1847 2891 ‚
1879 2848 1983 2895 pag.
2020 2847 2133 2895 109.
2213 2886 2215 2888 ¹

1123 2909 1250 2959 Idem
1294 2910 1488 2959 traditur
1530 2913 1583 2958 in
1620 2906 1817 2959 Pesiktct
1863 2910 2090 2959 rabbathi
2109 2949 2123 2969 ‚

1123 2992 1208 3041 fol.
1240 2989 1306 3040 62
1326 3030 1340 3053 ,
1375 3009 1392 3040 1
1425 3003 1470 3040 et
1497 3010 1628 3058 seqq.
1657 2992 1775 3041 ibid.
1805 3011 1910 3058 pag.
1945 2990 2064 3056 1283
2091 3003 2136 3041 et

1125 3074 1236 3123 alibi
1263 3090 1383 3140 saepe
1410 3083 1561 3122 totum
1589 3084 1825 3138 exponunt
1864 3075 1922 3128 de
1949 3073 2131 3123 Messia.

1125 3142 1275 3220 Qoare
1304 3172 1400 3203 non
1430 3165 1498 3204 est
1524 3157 1620 3202 haec
1644 3155 1885 3204 arbitraria
1909 3154 2133 3205 Christia-

1124 3255 1294 3286 norum
1305 3239 1635 3303 interpretatio.
1649 3236 1748 3286 Cfr.
1765 3238 1878 3286 ibid.
1893 3256 1997 3304 pag.
2014 3237 2078 3302 24
2089 3255 2104 3285 1
2119 3277 2131 3298 ‚

1127 3317 1224 3367 503
1245 3357 1258 3378 ,
1301 3317 1401 3387 599
1418 3356 1431 3375 ‚
1462 3316 1561 3367 600
1578 3354 1594 3382 ,
1639 3317 1740 3368 626
1758 3356 1771 3379 ,
1810 3332 1895 3369 etc.
1925 3332 1968 3369 et
1992 3320 2131 3369 Joan.

1129 3400 1442 3450 Frischmuthi
1475 3402 1728 3450 dissertatio
1759 3401 1841 3449 De
1864 3402 1916 3449 E
1919 3402 2134 3466 vanqelio

1127 3484 1186 3529 iu
1218 3481 1366 3530 Sione
1395 3499 1670 3546 eqressuro,
1709 3484 1776 3533 ad
1812 3481 1881 3531 Is.
1913 3501 1973 3541 ιι,
2027 3500 2043 3529 1
2091 3491 2136 3530 et

1121 3579 1249 3628 seqq.
1268 3567 1319 3612 in
1342 3562 1593 3613 Thesauro
1607 3564 1746 3615 theol.
1762 3564 1930 3630 philol.
1951 3576 2064 3613 tom.
2086 3579 2128 3626 ι,

1121 3662 1226 3710 pag.
1268 3643 1368 3694 685
1391 3657 1434 3694 et
1462 3665 1591 3713 seqq.
