2534 4088
324 144 483 179 PART.
515 142 579 177 11.
615 140 738 178 GAP.
765 137 843 176 lv.
877 138 944 172 DE
973 136 1227 173 COMMUN.
1256 135 1434 173 11310151.
1461 136 1526 173 ET
1544 135 1785 174 ADORAT.
1816 136 1860 171 J.
1894 136 1927 173 C.

2067 86 2186 174 273

860 290 1245 344 ARTICULUS
1323 292 1392 344 11.
2169 255 2176 263 ’

746 434 834 492 De
881 434 1111 493 Christi
1146 434 1515 492 adoratione.

160 625 298 685 517.
348 626 432 683 De
465 622 680 681 Christi
720 622 1094 697 adoratione,
1130 643 1260 704 quoe
1294 632 1380 681 est
1421 619 1672 679 alterum
1713 623 2023 705 propositae
2062 623 2198 684 doc·

80 722 246 780 trinae
281 730 455 801 caput
479 730 538 779 et
574 720 804 778 unionis
826 717 1199 801 hypostaticae
1226 715 1646 776 consectarium
1667 761 1682 787 .,
1718 738 2029 799 perperam
2069 741 2203 779 sen-

81 827 284 876 serunt
332 837 402 875 ex
453 813 876 895 antiquioribus
924 813 1204 872 haereticis
1251 809 1678 891 Apollinaristae
1699 856 1715 885 .,
1757 813 2101 892 Eutychiani
2137 836 2204 874 ac

81 911 410 971 Nestoriani
429 956 445 986 ,
472 932 541 969 ex
566 907 984 969 recentioribus
1008 905 1306 967 Wicleffus
1332 916 1391 965 et
1413 905 1702 964 Sociniani
1721 905 2004 987 plerique.
2034 909 2206 990 Apol-

82 1006 360 1066 linaristae
377 1006 535 1065 enim
559 1016 617 1065 et
638 1002 975 1083 Eutychiani
998 1002 1349 1074 docuerunt,
1371 1015 1552 1059 unam
1572 1000 1812 1082 quidem
1827 1000 2055 1072 Christo
2075 1005 2210 1064 ado-

83 1102 374 1160 rationem
402 1099 778 1159 tribuendam
796 1142 812 1171 .,
843 1107 903 1154 at
938 1095 1001 1154 id
1026 1107 1408 1174 'asseruerunt
1439 1094 1598 1154 ducti
1626 1095 1899 1155 haeretico
1926 1097 2209 1181 principio

87 1195 159 1255 de
187 1196 521 1267 confusione
543 1204 887 1252 naturarum
913 1191 973 1249 in
1002 1190 1270 1263 Christo3
1300 1191 1631 1250 Nestoriani
1659 1213 1798 1252 vero
1823 1239 1839 1267 ,
1868 1194 1976 1251 etsi
2013 1194 2212 1255 Chris-

90 1304 219 1350 tum
245 1302 312 1349 ut
349 1289 649 1348 hominem
692 1308 925 1369 quoque
962 1285 1145 1344 latriae
1182 1285 1343 1344 cultu
1380 1276 1749 1345 adorandum
1786 1309 1909 1347 esse
1940 1302 2214 1350 autuma-

89 1396 222 1446 rent
243 1431 258 1460 Ἰ
285 1384 426 1443 duas
451 1394 651 1442 tamen
675 1382 1048 1440 adorationes
1066 1426 1082 1454 a
1110 1402 1358 1461 quarum
1387 1380 1569 1440 altera
1593 1383 1834 1440 seorsim
1859 1385 1964 1443 Dei
1992 1384 2181 1445 Verbo
2197 1431 2213 1460 .,

91 1480 270 1539 altera
292 1479 531 1538 seorsim
552 1477 778 1537 homini
802 1475 1178 1535 exhiberetur
1194 1521 1209 1550 a
1235 1475 1694 1535 introduxerunt
1714 1522 1729 1552 7
1758 1477 1889 1537 ideo
1917 1479 2050 1560 quia
2072 1480 2218 1540 duas

92 1576 154 1633 in
181 1574 410 1634 Christo
445 1571 882 1652 distinguebant
912 1592 1211 1653 personas,
1238 1568 1536 1629 Wicleffus
1562 1583 1760 1631 autem
1790 1572 2087 1637 Christum
2114 1574 2220 1633 ho-

93 1670 315 1728 minem
341 1669 518 1728 etiam
542 1690 573 1727 a
599 1666 789 1726 Verbo
811 1670 1141 1743 sejunctum
1164 1663 1369 1723 eadem
1389 1711 1404 1739 .,
1431 1687 1545 1746 qua
1570 1666 1826 1725 Verbum
1845 1712 1861 1742 a
1885 1667 2223 1728 adoratione

96 1764 411 1824 colendum
433 1785 555 1823 esse
573 1760 904 1821 affirmabat
923 1761 1034 1840 (l).
1056 1760 1346 1819 Sociniani
1364 1760 1763 1843 denique,‘qui
1777 1774 1993 1842 negant
2011 1762 2227 1823 Christi

98 1860 507 1929 divinitatem,
535 1859 597 1916 in
624 1857 765 1915 duas
785 1856 1062 1914 factiones
1095 1855 1265 1915 divisi
1293 1867 1432 1913 sunt
1454 1901 1469 1929 a
1494 1856 1708 1916 scilicet
1733 1858 1796 1915 in
1824 1859 2140 1918 adorantes
2167 1869 2228 1919 et

97 1955 162 2011 in
186 1975 308 2012 non
346 1955 683 2012 adorantes·
714 1951 895 2009 Primi
929 1959 1146 2031 putant
1182 1949 1342 2008 cultu
1379 1949 1563 2010 latriae
1593 1951 1888 2010 Christum
1925 1975 2048 2012 esse
2083 1952 2228 2012 ado-

103 2047 352 2106 randum
378 2093 393 2121 ‚
436 2069 508 2107 eo
548 2046 1035 2128 quodtanquam
1073 2044 1295 2124 legatus
1321 2045 1548 2104 'referat
1583 2068 1901 2128 personam
1943 2049 2083 2123 Dei,
2127 2047 2229 2107 alii

104 2151 302 2203 autem
330 2153 601 2202 recusant
632 2141 859 2200 Christo
893 2140 1176 2219 ejusmodi
1208 2140 1451 2199 cultum.

189 2237 328 2296 518.
366 2236 629 2316 Synodus
652 2236 1014 2294 Pistoriensis
1032 2280 1048 2309 ,
1076 2245 1143 2293 ut
1167 2236 1276 2294 sibi
1299 2237 1457 2296 viam
1479 2247 1767 2296 sterneret
1790 2238 1866 2296 ad
1886 2239 2234 2321 impugnan-

110 2333 253 2392 dum
287 2331 511 2391 cultum
539 2330 908 2389 sacratissimi
943 2329 1143 2389 Co‘rdis
1182 2332 1323 2388 Jesu
1347 2375 1363 2402 ,
1403 2332 1602 2390 asserit
1644 2354 1657 2388 ε
1694 2334 1967 2392 Adorare
2014 2336 2234 2394 directe

75 2430 552 2487 ·humam'tatem
592 2426 855 2498 Christi,
902 2431 1098 2504 mayis
1136 2446 1268 2483 vero
1307 2427 1583 2504 aliquam
1623 2430 1751 2505 ejus
1785 2439 2029 2506 partem
2056 2474 2072 2504 ,
2104 2433 2236 2508 fore

115 2545 349 2604 semper
376 2523 653 2582 honorem
679 2522 960 2579 divinum
985 2522 1198 2580 datum
1225 2533 1517 2580 creaturae
1544 2521 1655 2600 (2).
1685 2523 1834 2581 Hinc
1860 2524 2159 2585 invehitur
2176 2525 2238 2586 in

184 2715 246 2778 (1)
283 2713 384 2762 Hoc
410 2731 579 2779 nempe
609 2712 1062 2783 adstruitWicleffus
1080 2716 1131 2762 in

790 2785 794 2787 Β
1229 2713 1487 2763 Auctorem
1517 2713 1640 2778 fidei
1669 2713 1758 2762 hac
1790 2731 1984 2763 censura
2019 2718 2242 2780 perstrin-

115 2796 390 2860 impossibili
434 2796 679 2860 hypothesi
715 2832 729 2855 ‚
785 2795 912 2861 quod
964 2795 1134 2843 Christi

1229 2798 1347 2861 gitur
1383 2813 1397 2844 ε
1437 2796 1690 2861 Quatenus
1710 2801 1804 2860 p‘er
1830 2795 1917 2843 hoe
1944 2796 2139 2844 verbum
2169 2798 2243 2846 di-

119 2879 386 2926 humanitas
408 2895 434 2926 a
451 2877 591 2924 Verbi
610 2894 801 2943 persona
825 2888 1106 2942 separaretur
1120 2914 1132 2935 ‚

124 2970 256 3025 prout
293 2959 430 3008 refert
469 2958 639 3006 Thom.
679 2959 978 3018 Waldensis,
1020 2958 1135 3007 Ord.
1203 2957 1206 2959 ’

124 3041 278 3089 Carm.
307 3043 357 3089 in
379 3058 464 3088 suo
490 3039 772 3088 Doctrinali
790 3041 1139 3107 antiquitat-am

122 3121 265 3185 fidei,
307 3124 358 3170 in
393 3124 579 3187 prologo
612 3125 662 3170 in
699 3125 895 3187 primam
927 3133 1104 3187 partem
1126 3158 1139 3182 ‚

130 3202 215 3250 ubi
257 3219 494 3251 recensens
538 3221 708 3254 errores
747 3204 982 3262 Wicleffi,
1025 3207 1145 3252 inter

134 3292 305 3331 ceteros
330 3293 373 3331 et
398 3281 532 3333 ‘hunc
562 3288 691 3350 ponit
726 3303 739 3334 ε
769 3285 1147 3334 Humanitatem

137 3361 354 3424 Christi,
383 3366 430 3412 si
448 3382 540 3430 per
560 3367 854 3433 impossibile
882 3368 1148 3416 dimittere-

136 3455 248 3507 tur,
277 3445 533 3494 adorarent
556 3464 720 3496 verum
752 3449 904 3498 seculi
930 3447 1150 3498 Salvato-

138 3545 254 3576 rem.
273 3527 408 3575 Tom.
435 3544 481 3587 1,
511 3545 614 3593 pag.
636 3515 711 3578 '13
731 3568 745 3590 ‚
773 3530 939 3580 Venet.
975 3530 1116 3598 1571.

210 3610 274 3675 (2)
311 3608 422 3674 Quae
439 3619 504 3657 est
534 3627 666 3677 prop.
695 3627 788 3674 mu,
818 3615 928 3661 etin
954 3611 1150 3669 Constit.

302 3704 370 3761 T.
419 3703 515 3762 IV.

1230 2888 1351 2926 recte
1391 2877 1612 2925 intendat
1656 2877 1907 2942 reprobare
1947 2876 2246 2926 adorationis

1232 2958 1413 3008 cultum
1431 2996 1444 3018 ‚
1475 2946 1612 3024 quem
1632 2957 1798 3022 fideles
1817 2958 2041 3022 diriyunt
2064 2958 2130 3008 ad
2153 2959 2247 3008 hu·
2282 2981 2287 2988 ·

1235 3041 1514 3089 manitatem
1541 3038 1754 3095 Christi,
1768 3039 1973 3104 perinde
1989 3057 2047 3088 ac
2064 3042 2111 3088 si
2137 3040 2249 3089 talis

1236 3122 1449 3171 adoratio
1484 3157 1502 3183 ,
1561 3137 1656 3186 qua
1716 3118 1996 3168 humanitas
2053 3123 2251 3188 ipsaque

1238 3221 1350 3253 caro
1382 3203 1573 3267 vivifica
1614 3201 1803 3250 Christi
1839 3201 2106 3264 adoratur,
2151 3219 2251 3251 nou

1239 3285 1432 3351 quidem
1453 3291 1651 3350 μορίω·
1679 3300 1761 3343 se,
1784 3292 1830 3331 et
1851 3291 2085 3349 tanquam
2116 3283 2252 3333 nuda

1241 3383 1383 3426 caro,
1416 3365 1499 3412 sed
1519 3371 1669 3430 prout
1695 3366 1836 3412 unita
1864 3364 2146 3425 divinitati,
2170 3364 2250 3429 fo-

1244 3455 1314 3496 ret
1329 3448 1480 3495 honor
1495 3446 1694 3494 divinus
1709 3447 1981 3512 impertitus
1996 3454 2227 3496 ereaturoe
2238 3485 2252 3509 ,

1246 3537 1289 3577 et
1315 3545 1414 3576 non
1429 3529 1595 3594 potius
1617 3544 1719 3576 una
1737 3527 1992 3592 eademque
2006 3526 2224 3578 adoratio
2239 3566 2254 3589 ,

1247 3627 1342 3675 qua
1374 3607 1589 3658 Verbum
1616 3611 1923 3659 incarnatum
1938 3625 2048 3657 cum
2054 3611 2259 3677 propria

1939 3702 2011 3762 18
