2534 4088
216 243 376 279 PART.
424 242 465 277 1.
513 239 635 277 GAP.
679 237 743 275 11.
789 236 860 272 ΒΕ
900 233 1055 272 m‘oc.
1104 235 1170 272 BT
1213 233 1388 272 OFFIC.
1435 232 1605 271 PROM.
1655 232 1884 270 MESSIAE.
2056 211 2135 271 79

33 381 134 442 diu
159 380 498 440 duraturam
521 377 672 436 hanc
699 374 904 459 populi
927 374 1144 454 judaici
1168 372 1640 455 reprobationem
1660 417 1677 447 7
1718 371 2001 452 significat
2023 372 2135 433 illis

31 475 225 539 verbis
249 499 262 534 ε
290 478 433 536 Dies
460 475 672 532 multos
696 473 982 530 sedebunt
995 472 1119 549 filii
1138 471 1334 530 Israe'l
1354 472 1483 527 sine
1515 490 1647 548 reye
1665 513 1681 543 7
1718 477 1774 525 et
1803 471 1932 525 sine
1960 471 2137 546 prin·

28 577 159 652 cipe
177 617 193 647 7
239 582 295 630 et
331 574 457 628 sine
499 570 791 647 sacrificio
811 613 827 642 7
872 577 928 625 ec
964 571 1093 625 sine
1134 568 1358 634 altari,
1401 573 1457 620 et
1496 567 1625 621 sine
1682 562 1869 641 ephod
1912 573 1967 622 et
2010 569 2138 646 sine

30 666 386 745 theraphim.
427 664 514 723 Ec
531 674 664 743 post
692 664 815 720 liceo
841 671 1208 720 revertentur
1219 660 1342 738 filii
1371 657 1569 716 Israel
1583 702 1600 730 7
1639 668 1695 715 et
1710 667 1981 736 quaerent
2010 660 2137 717 Do·-

30 765 266 819 minum
307 760 509 818 Deum
550 779 735 815 suum
761 802 777 830 7
823 768 878 814 et
920 756 1131 816 David
1150 773 1343 834 reqem
1384 772 1566 809 suum
1584 776 1610 825 ,·
1631 750 1708 809 'et
1720 753 2032 832 pavebunt
2057 755 2144 812 ad

29 857 364 916 Dominum
388 897 410 926 ,
437 863 493 911 et
510 853 596 911 ad
620 854 846 911 honum
865 857 994 931 ejus
1013 855 1084 908 in
1111 851 1443 907 novissimo·
1459 847 1738 919 dierum3
1769 847 1979 928 quibus
2009 869 2139 910 ver·

27 948 117 1008 bis
143 959 342 1031 aperte
367 947 653 1029 propheta
693 946 1031 1005 diuturnam
1049 941 1252 1024 populi
1285 939 1579 999 israelitici
1610 940 2004 1002 conditionem
2033 944 2140 1005 de-

28 1046 216 1124 signat
236 1089 251 1118 7
277 1044 338 1102 in
366 1064 479 1123 qua
498 1087 514 1116 7
547 1042 656 1101 etsi
678 1040 816 1099 deos
853 1038 1070 1097 alienos
1098 1058 1221 1095 non
1253 1035 1405 1095 colat
1425 1081 1442 1111 7
1467 1046 1668 1094 tamen
1687 1037 1877 1094 Deum
1903 1059 2024 1096 non
2045 1060 2141 1100 ex-

29 1140 287 1221 perietur
310 1137 417 1196 sibi
438 1137 731 1197 faventem
753 1142 928 1213 atque
940 1131 1262 1214 propitium
1280 1175 1297 1205 7
1326 1130 1511 1190 donec
1531 1129 1846 1212 aliquando
1874 1132 2140 1195 Messiam

31 1244 254 1314 quaerat
280 1224 339 1292 et
363 1239 651 1310 agnoscat.
684 1229 947 1288 Davidis
971 1227 1128 1286 enim
1154 1226 1391 1285 nomine
1408 1227 1555 1285 Osee
1575 1271 1590 1300 7
1617 1225 1863 1307 perinde
1890 1246 1956 1285 ac
1984 1237 2142 1287 eete-

29 1347 125 1386 ros
147 1326 459 1408 prophetas
474 1360 498 1394 ·7
524 1324 561 1382 J
563 1343 745 1382 erem.
762 1323 944 1397 XXX7
965 1322 1001 1380 9
1023 1366 1040 1395 7
1058 1321 1261 1381 Ezeeh.
1287 1322 1543 1396 XXXIV7
1570 1319 1651 1380 23
1671 1365 1687 1394 7
1713 1320 1974 1381 XXXVII
1995 1366 2013 1397 7
2033 1322 2138 1398 247

34 1422 300 1482 Messiam
328 1419 687 1498 significare7
722 1416 1023 1500 explorata
1050 1437 1143 1475 res
1169 1428 1258 1476 est
1292 1428 1354 1476 et
1383 1427 1616 1498 recepta
1656 1417 1947 1476 sententia
1984 1417 2143 1500 apud

30 1512 318 1574 Rabbinos
346 1534 548 1572 omnes
576 1538 592 1587 ς
634 1534 814 1594 quare
852 1510 1140 1572 chaldaeus
1183 1512 1474 1593 interpres
1510 1523 1805 1594 postrema
1842 1512 2142 1595 prophetae

25 1609 202 1672 verba
230 1611 310 1669 ita
332 1610 574 1693 exponit
603 1631 617 1669 :
649 1611 937 1690 Quoerent
958 1611 1193 1668 cultum
1221 1611 1480 1669 Domini
1504 1610 1625 1668 Dei
1653 1614 1754 1667 sui
1772 1654 1789 1683 7
1818 1620 1997 1689 atque
2015 1612 2142 1669 ohe-

24 1707 190 1764 dient
229 1707 455 1765 MesslAE
488 1706 616 1784 filio
646 1706 909 1764 Davidis
942 1707 1073 1785 reyi
1105 1725 1212 1762 suo
1245 1704 1357 1785 (l).
1389 1701 1605 1763 Eadem
1633 1702 1816 1763 habet
1843 1704 2018 1764 Amos
2039 1706 2139 1782 IX,

23 1798 62 1856 9
95 1810 154 1859 et
183 1821 348 1882 seqq.
390 1810 452 1860 et
476 1799 572 1859 alii
598 1798 902 1882 prophetae
930 1799 1147 1882 passim
1176 1797 1283 1879 (2).

112 1894 248 1954 130.
296 1898 431 1955 Jam
463 1916 605 1957 vero
633 1893 707 1953 ab
742 1893 1065 1954 octodecim
1097 1893 1301 1953 seculis
1331 1905 1462 1953 tum
1504 1904 1703 1975 gentes
1734 1895 1856 1955 fere
1896 1916 2101 1957 omnes
2120 1942 2138 1972 7

24 1989 233 2050 relictis
252 1989 417 2049 idolis
439 2034 455 2064 7
496 1993 683 2049 Deum
717 2011 904 2049 unum
941 1988 1127 2049 colere
1149 2034 1167 2064 7
1196 2000 1371 2071 atque
1402 1990 1465 2048 in
1494 1990 1616 2050 dies
1648 1989 1723 2049 ad
1746 1991 2142 2071 cognitionem

25 2094 92 2143 et
113 2083 333 2143 cultum
364 2084 487 2145 veri
521 2085 626 2144 Dei
650 2083 888 2166 perduci
903 2128 927 2158 ‚
955 2084 1247 2163 judaicam
1269 2095 1503 2164 gentem
1533 2089 1677 2145 item
1704 2106 1737 2145 e
1761 2108 1864 2145 sua
1894 2091 2142 2165 ejectam

22 2178 210 2258 patria
227 2223 243 2252 7
274 2179 427 2238 inter
452 2191 652 2259 gentes
683 2201 886 2240 omnes
910 2180 1238 2263 dispersam
1260 2201 1381 2240 esse
1400 2224 1418 2255 7
1446 2180 1794 2262 nullumque
1819 2182 1976 2262 apud
2008 2203 2140 2242 eam

22 2272 174 2331 illius
201 2273 460 2354 specialis
496 2274 879 2355 providentiae
906 2285 966 2335 et
997 2274 1444 2358 praedilectionis
1480 2275 1794 2356 vestigium
1832 2277 2085 2358 conspici
2115 2321 2132 2351 7

31 2366 241 2448 quibus
265 2389 372 2448 per
396 2377 486 2426 tot
513 2368 702 2427 secula
727 2372 882 2429 Deus
902 2391 1034 2429 eam
1059 2381 1398 2451 prosecutus
1420 2370 1642 2444 fuerat,
1665 2371 1814 2429 faeta
1843 2382 1983 2431 sunt
2007 2392 2139 2431 cer-

23 2461 268 2536 tissima7
289 2482 539 2543 quorum
556 2484 661 2521 nos
682 2474 1037 2544 :spectator-es
1052 2485 1276 2538 sumne,
1294 2486 1540 2546 quaeque
1557 2464 1636 2523 ob
1655 2465 1926 2523 omnium
1941 2465 2138 2525 oculos

20 2554 425 2618 obversantur.
470 2558 611 2630 Quae
635 2556 875 2639 quidem
898 2569 1244 2637 argumento
1281 2569 1422 2616 sunt
1438 2603 1456 2633 7
1495 2558 1685 2618 foedus
1721 2558 1870 2617 illud
1895 2560 2138 2619 omnino

19 2670 146 2710 esse
172 2648 489 2725 abolitum7
526 2651 685 2733 quod
713 2651 854 2711 olim
882 2654 1035 2712 Deus
1065 2674 1198 2712 cum
1219 2651 1453 2730 judaieo
1477 2653 1696 2736 populo
1725 2654 1880 2713 feriit
1907 2654 1983 2714 de
2002 2677 2137 2737 pos-

20 2745 274 2805 sessione
304 2745 623 2807 Palaestinae
650 2768 716 2807 ae
746 2746 1039 2807 bonorum
1076 2748 1338 2808 omnium
1381 2749 1443 2806 in
1468 2769 1537 2809 ea
1564 2748 1863 2808 affluentia
1880 2793 1898 2824 7
1935 2749 1984 2809 si
2011 2750 2137 2832 'ipse

27 2837 214 2919 legem
251 2838 365 2900 sibi
403 2841 681 2902 traditam
711 2842 1113 2906 custodivisset
1138 2887 1155 2919 7
1188 2841 1286 2906 vel
1324 2841 1399 2903 de
1440 2853 1687 2925 paterna
1727 2844 2092 2927 correptione
2110 2889 2133 2921 7

21 3039 94 3090 ad
122 3046 528 3110 proeparationem
557 3054 603 3095 et
627 3046 693 3095 ad
715 3046 931 3114 lapidem
962 3048 1036 3113 of·
1182 3048 1256 3115 (Ι)
1294 3046 1396 3097 Alia
1417 3049 1683 3097 testimonia
1706 3049 1757 3096 in
1776 3045 1904 3098 hano
1924 3066 2023 3098 rem
2040 3049 2132 3100 eft.

19 3123 258 3186 senionis
273 3143 294 3188 ς
309 3128 508 3194 offendet
521 3130 653 3177 enim
670 3130 817 3195 pedus
831 3138 1004 3179 statum
1018 3167 1033 3190 ‚
1111 3130 1244 3197 ,apud
1272 3130 1597 3180 Rosenmiiller
1613 3167 1628 3190 7
1655 3132 1710 3180 tin
1727 3127 1816 3181 loe..
1843 3133 1924 3181 eit.
1957 3131 2132 3183 Ezech-

26 3204 210 3267 ferrum
229 3207 407 3257 seilicet
425 3217 469 3258 et
497 3218 663 3259 testam
682 3248 696 3271 7
716 3218 760 3258 et
783 3211 848 3259 ad
870 3228 1040 3278 rupem
1189 3209 1260 3278 (2)
1297 3211 1397 3260 cfr.
1430 3214 1481 3259 in
1508 3212 1636 3260 hunc
1658 3211 1752 3261 loe.
1774 3210 1997 3263 Sanctius
2011 3250 2026 3274 7
2044 3229 2133 3264 nee

27 3286 185 3334 ruinoe
211 3287 426 3338 domibus
450 3291 638 3340 duabus
677 3291 851 3342 Israel.
881 3291 1035 3341 Diaeit
1114 3310 1210 3342 non
1244 3291 1566 3354 Ackermann‚
1597 3310 1676 3358 op.
1714 3294 1819 3354 eit.;
1846 3294 1979 3359 plura
2012 3312 2132 3360 prae-

27 3364 294 3424 (Rabbinus
321 3372 520 3431 seilicet,
553 3375 635 3439 qui
660 3373 830 3423 fecerat
870 3375 1032 3423 vinum
1114 3384 1235 3424 terea
1266 3376 1318 3422 in
1355 3374 1476 3422 hane
1521 3375 1797 3423 sententiam
1834 3392 1892 3425 ex
1923 3375 2131 3425 doctrina

26 3444 123 3494 dari
155 3451 335 3511 pueris,
361 3461 413 3500 ut
440 3464 607 3503 secreta
628 3456 770 3519 patris
801 3456 872 3504 sui
890 3465 1031 3522 atque
1112 3466 1157 3505 et
1188 3473 1323 3505 sensu
1349 3465 1555 3504 veterum
1587 3454 1859 3505 Judaeorum
1888 3457 1982 3506 vid.
2005 3456 2131 3522 apud

25 3529 235 3591 mysteria
253 3532 526 3597 revelarent)
547 3552 561 3584 ε
571 3535 723 3600 filioli
735 3537 893 3603 spinae
907 3536 1033 3585 mihi
1111 3536 1301 3586 Martini
1319 3575 1333 3598 7
1352 3553 1389 3584 11
1415 3546 1533 3602 part.
1555 3574 1570 3598 ,
1593 3554 1699 3604 cap.
1728 3535 1759 3586 5
1775 3574 1790 3599 ,
1811 3536 1840 3605 §
1869 3553 1898 3585 2
1927 3547 1973 3586 et
1994 3554 2127 3606 seqq.

24 3609 136 3655 estis
162 3609 221 3657 in
248 3611 398 3660 oculis
428 3617 547 3664 noeis
563 3654 578 3677 7
608 3634 693 3667 seu
729 3635 745 3667 ε
777 3619 946 3684 spinae
974 3620 1032 3667 in
1113 3628 1160 3668 et
1187 3619 1313 3685 apud
1337 3617 1716 3685 Schoettgenium
1737 3656 1752 3681 ‚
1793 3617 1877 3667 De
1904 3620 2124 3684 Meuia,

24 3687 178 3738 oculos
207 3707 332 3741 meos
358 3694 587 3759 injicitis.
1112 3716 1219 3766 pag.
1246 3699 1346 3765 545
1376 3711 1420 3750 et
1447 3717 1579 3768 seqq.
