<?xml version="1.0" encoding="UTF-8"?>
<!DOCTYPE html PUBLIC "-//W3C//DTD XHTML 1.0 Transitional//EN"
    "http://www.w3.org/TR/xhtml1/DTD/xhtml1-transitional.dtd">
<html xmlns="http://www.w3.org/1999/xhtml" xml:lang="en" lang="en">
 <head>
  <title>
</title>
<meta http-equiv="Content-Type" content="text/html;charset=utf-8" />
  <meta name='ocr-system' content='tesseract 3.04.00' />
  <meta name='ocr-capabilities' content='ocr_page ocr_carea ocr_par ocr_line ocrx_word'/>
</head>
<body>
  <div class='ocr_page' id='page_1' title='image "a603693804perruoft_0085.png"; bbox 0 0 2534 4088; ppageno 0'>
   <div class='ocr_carea' id='block_1_1' title="bbox 2062 230 2140 290">
    <p class='ocr_par' dir='ltr' id='par_1_1' title="bbox 2062 230 2140 290">
     <span class='ocr_line' id='line_1_1' title="bbox 2062 230 2140 290; baseline 0 0"><span class='ocrx_word' id='word_1_1' title='bbox 2062 230 2140 290; x_wconf 92' lang='lat'><em>77</em></span> 
     </span>
    </p>
   </div>
   <div class='ocr_carea' id='block_1_2' title="bbox 279 249 1939 301">
    <p class='ocr_par' dir='ltr' id='par_1_2' title="bbox 279 249 1939 301">
     <span class='ocr_line' id='line_1_2' title="bbox 279 249 1939 301; baseline -0.005 -4"><span class='ocrx_word' id='word_1_2' title='bbox 279 261 441 301; x_wconf 78' lang='lat' dir='ltr'><strong>PART.</strong></span> <span class='ocrx_word' id='word_1_3' title='bbox 488 261 532 297; x_wconf 89' lang='lat'><em>1.</em></span> <span class='ocrx_word' id='word_1_4' title='bbox 579 255 700 296; x_wconf 78' lang='lat' dir='ltr'><strong>CAP.</strong></span> <span class='ocrx_word' id='word_1_5' title='bbox 748 256 813 293; x_wconf 90' lang='lat'><em>11.</em></span> <span class='ocrx_word' id='word_1_6' title='bbox 862 255 930 291; x_wconf 78' lang='lat' dir='ltr'><em>DE</em></span> <span class='ocrx_word' id='word_1_7' title='bbox 974 252 1126 291; x_wconf 80' lang='lat' dir='ltr'><strong>EPOC.</strong></span> <span class='ocrx_word' id='word_1_8' title='bbox 1170 253 1236 289; x_wconf 83' lang='lat' dir='ltr'><em>ET</em></span> <span class='ocrx_word' id='word_1_9' title='bbox 1279 251 1455 290; x_wconf 82' lang='lat' dir='ltr'><strong>OFFIC.</strong></span> <span class='ocrx_word' id='word_1_10' title='bbox 1505 249 1668 289; x_wconf 76' lang='lat' dir='ltr'><strong>PROM.</strong></span> <span class='ocrx_word' id='word_1_11' title='bbox 1714 250 1939 290; x_wconf 79' lang='lat' dir='ltr'><strong>MESSIAE.</strong></span> 
     </span>
    </p>
   </div>
   <div class='ocr_carea' id='block_1_3' title="bbox 40 380 2249 2371">
    <p class='ocr_par' dir='ltr' id='par_1_3' title="bbox 40 380 2249 2278">
     <span class='ocr_line' id='line_1_3' title="bbox 43 380 2147 479; baseline -0.003 -20"><span class='ocrx_word' id='word_1_12' title='bbox 43 401 116 460; x_wconf 78' lang='lat' dir='ltr'><em>tit</em></span> <span class='ocrx_word' id='word_1_13' title='bbox 142 399 433 479; x_wconf 83' lang='lat' dir='ltr'><strong>Thargum</strong></span> <span class='ocrx_word' id='word_1_14' title='bbox 458 394 856 475; x_wconf 78' lang='lat' dir='ltr'><strong>hierosolymit</strong></span> <span class='ocrx_word' id='word_1_15' title='bbox 893 416 907 451; x_wconf 90' lang='lat'>:</span> <span class='ocrx_word' id='word_1_16' title='bbox 942 393 1029 453; x_wconf 86' lang='lat' dir='ltr'><em>Et</em></span> <span class='ocrx_word' id='word_1_17' title='bbox 1056 398 1115 451; x_wconf 89' lang='lat' dir='ltr'><em>ei</em></span> <span class='ocrx_word' id='word_1_18' title='bbox 1146 380 1506 470; x_wconf 78' lang='lat' dir='ltr'><em>subjicietur</em></span> <span class='ocrx_word' id='word_1_19' title='bbox 1528 413 1697 451; x_wconf 84' lang='lat' dir='ltr'><em>omne</em></span> <span class='ocrx_word' id='word_1_20' title='bbox 1736 414 1990 474; x_wconf 68' lang='lat' dir='ltr'><em>reynum</em></span> <span class='ocrx_word' id='word_1_21' title='bbox 2028 404 2147 453; x_wconf 81' lang='lat' dir='ltr'><em>ter-</em></span> 
     </span>
     <span class='ocr_line' id='line_1_4' title="bbox 45 483 2150 575; baseline -0.004 -20"><span class='ocrx_word' id='word_1_22' title='bbox 45 518 128 555; x_wconf 85' lang='lat' dir='ltr'><em>rae</em></span> <span class='ocrx_word' id='word_1_23' title='bbox 158 493 261 575; x_wconf 91' lang='lat' dir='ltr'><em>(l).</em></span> <span class='ocrx_word' id='word_1_24' title='bbox 287 495 435 555; x_wconf 86' lang='lat' dir='ltr'><em>Hinc</em></span> <span class='ocrx_word' id='word_1_25' title='bbox 453 537 470 568; x_wconf 78' lang='grc'><em>,</em></span> <span class='ocrx_word' id='word_1_26' title='bbox 497 490 647 551; x_wconf 82' lang='lat' dir='ltr'><strong>Psal.</strong></span> <span class='ocrx_word' id='word_1_27' title='bbox 675 483 754 564; x_wconf 77' lang='grc' dir='ltr'><em>ΙΙ,</em></span> <span class='ocrx_word' id='word_1_28' title='bbox 783 489 1003 548; x_wconf 85' lang='lat' dir='ltr'><strong>Messiae</strong></span> <span class='ocrx_word' id='word_1_29' title='bbox 1029 487 1336 570; x_wconf 81' lang='lat' dir='ltr'><strong>pollicetur</strong></span> <span class='ocrx_word' id='word_1_30' title='bbox 1359 490 1513 546; x_wconf 90' lang='lat' dir='ltr'><strong>Deus</strong></span> <span class='ocrx_word' id='word_1_31' title='bbox 1547 510 1561 545; x_wconf 92' lang='lat'>:</span> <span class='ocrx_word' id='word_1_32' title='bbox 1603 488 1852 547; x_wconf 77' lang='lat' dir='ltr'><em>Postula</em></span> <span class='ocrx_word' id='word_1_33' title='bbox 1878 510 1918 547; x_wconf 90' lang='lat' dir='ltr'><em>a</em></span> <span class='ocrx_word' id='word_1_34' title='bbox 1944 496 2070 562; x_wconf 86' lang='lat' dir='ltr'><em>me,</em></span> <span class='ocrx_word' id='word_1_35' title='bbox 2094 500 2150 547; x_wconf 86' lang='lat' dir='ltr'><em>et</em></span> 
     </span>
     <span class='ocr_line' id='line_1_5' title="bbox 44 585 2148 667; baseline -0.003 -19"><span class='ocrx_word' id='word_1_36' title='bbox 44 591 196 648; x_wconf 84' lang='lat' dir='ltr'><em>dabo</em></span> <span class='ocrx_word' id='word_1_37' title='bbox 225 590 345 647; x_wconf 89' lang='lat' dir='ltr'><em>tibi</em></span> <span class='ocrx_word' id='word_1_38' title='bbox 373 596 570 667; x_wconf 72' lang='lat' dir='ltr'><strong>yentes</strong></span> <span class='ocrx_word' id='word_1_39' title='bbox 597 585 996 644; x_wconf 73' lang='lat' dir='ltr'><em>haereditatem</em></span> <span class='ocrx_word' id='word_1_40' title='bbox 1041 593 1212 640; x_wconf 82' lang='lat' dir='ltr'><em>tuam</em></span> <span class='ocrx_word' id='word_1_41' title='bbox 1238 627 1253 656; x_wconf 76' lang='grc'><em>,</em></span> <span class='ocrx_word' id='word_1_42' title='bbox 1298 592 1352 639; x_wconf 84' lang='lat' dir='ltr'><em>et</em></span> <span class='ocrx_word' id='word_1_43' title='bbox 1368 587 1791 659; x_wconf 74' lang='lat' dir='ltr'><em>possessionem</em></span> <span class='ocrx_word' id='word_1_44' title='bbox 1831 593 2003 642; x_wconf 90' lang='lat' dir='ltr'><em>tuam</em></span> <span class='ocrx_word' id='word_1_45' title='bbox 2029 594 2148 642; x_wconf 84' lang='lat' dir='ltr'><em>ter-</em></span> 
     </span>
     <span class='ocr_line' id='line_1_6' title="bbox 45 674 2149 756; baseline -0.002 -15"><span class='ocrx_word' id='word_1_46' title='bbox 45 686 236 742; x_wconf 75' lang='lat' dir='ltr'><em>minos</em></span> <span class='ocrx_word' id='word_1_47' title='bbox 258 692 449 739; x_wconf 78' lang='lat' dir='ltr'><em>terroe.</em></span> <span class='ocrx_word' id='word_1_48' title='bbox 491 679 602 738; x_wconf 91' lang='lat' dir='ltr'><strong>Sed</strong></span> <span class='ocrx_word' id='word_1_49' title='bbox 629 677 1086 736; x_wconf 79' lang='lat' dir='ltr'><strong>luculentissime</strong></span> <span class='ocrx_word' id='word_1_50' title='bbox 1109 688 1167 735; x_wconf 84' lang='lat' dir='ltr'><strong>et</strong></span> <span class='ocrx_word' id='word_1_51' title='bbox 1194 674 1462 756; x_wconf 82' lang='lat' dir='ltr'>graphice</span> <span class='ocrx_word' id='word_1_52' title='bbox 1489 676 1750 753; x_wconf 79' lang='lat' dir='ltr'><em>gentium</em></span> <span class='ocrx_word' id='word_1_53' title='bbox 1775 678 2149 738; x_wconf 87' lang='lat' dir='ltr'><em>reminiscen-</em></span> 
     </span>
     <span class='ocr_line' id='line_1_7' title="bbox 46 760 2153 851; baseline -0.002 -14"><span class='ocrx_word' id='word_1_54' title='bbox 46 779 128 837; x_wconf 84' lang='lat' dir='ltr'><em>tia</em></span> <span class='ocrx_word' id='word_1_55' title='bbox 152 787 211 836; x_wconf 83' lang='lat' dir='ltr'><strong>et</strong></span> <span class='ocrx_word' id='word_1_56' title='bbox 238 774 313 833; x_wconf 86' lang='lat' dir='ltr'><em>ad</em></span> <span class='ocrx_word' id='word_1_57' title='bbox 352 776 540 834; x_wconf 91' lang='lat' dir='ltr'><strong>Deum</strong></span> <span class='ocrx_word' id='word_1_58' title='bbox 569 795 776 835; x_wconf 86' lang='lat' dir='ltr'><strong>verum</strong></span> <span class='ocrx_word' id='word_1_59' title='bbox 804 771 1105 832; x_wconf 86' lang='lat' dir='ltr'><strong>conversio</strong></span> <span class='ocrx_word' id='word_1_60' title='bbox 1132 760 1601 851; x_wconf 73' lang='lat' dir='ltr'><strong>praenunciatur,</strong></span> <span class='ocrx_word' id='word_1_61' title='bbox 1642 772 1735 828; x_wconf 87' lang='lat' dir='ltr'><em>Ps.</em></span> <span class='ocrx_word' id='word_1_62' title='bbox 1768 773 1901 830; x_wconf 87' lang='lat' dir='ltr'><em>XXI</em></span> <span class='ocrx_word' id='word_1_63' title='bbox 1929 818 1945 847; x_wconf 76' lang='lat'>‚</span> <span class='ocrx_word' id='word_1_64' title='bbox 1982 773 2061 831; x_wconf 79' lang='lat'><em>28</em></span> <span class='ocrx_word' id='word_1_65' title='bbox 2094 785 2153 833; x_wconf 85' lang='lat' dir='ltr'><strong>et</strong></span> 
     </span>
     <span class='ocr_line' id='line_1_8' title="bbox 46 865 2160 952; baseline -0.001 -22"><span class='ocrx_word' id='word_1_66' title='bbox 46 891 167 952; x_wconf 89' lang='lat' dir='ltr'><strong>seq.</strong></span> <span class='ocrx_word' id='word_1_67' title='bbox 194 894 210 943; x_wconf 65' lang='grc' dir='ltr'><strong>ς</strong></span> <span class='ocrx_word' id='word_1_68' title='bbox 243 870 738 929; x_wconf 76' lang='lat' dir='ltr'><em>Reminiseentur</em></span> <span class='ocrx_word' id='word_1_69' title='bbox 761 866 852 946; x_wconf 75' lang='lat'><em>(2)</em></span> <span class='ocrx_word' id='word_1_70' title='bbox 882 872 943 925; x_wconf 75' lang='lat' dir='ltr'><em>et</em></span> <span class='ocrx_word' id='word_1_71' title='bbox 956 874 1373 924; x_wconf 82' lang='lat' dir='ltr'><em>convertentur</em></span> <span class='ocrx_word' id='word_1_72' title='bbox 1393 865 1481 922; x_wconf 86' lang='lat' dir='ltr'><em>ad</em></span> <span class='ocrx_word' id='word_1_73' title='bbox 1521 865 1856 924; x_wconf 84' lang='lat' dir='ltr'><em>Dominum</em></span> <span class='ocrx_word' id='word_1_74' title='bbox 1879 872 2160 927; x_wconf 74' lang='lat' dir='ltr'><em>universi</em></span> 
     </span>
     <span class='ocr_line' id='line_1_9' title="bbox 40 962 2156 1043; baseline 0 -20"><span class='ocrx_word' id='word_1_75' title='bbox 40 965 190 1043; x_wconf 79' lang='lat' dir='ltr'><strong>fines</strong></span> <span class='ocrx_word' id='word_1_76' title='bbox 216 975 389 1022; x_wconf 71' lang='lat' dir='ltr'><em>terme</em></span> <span class='ocrx_word' id='word_1_77' title='bbox 404 1006 426 1035; x_wconf 90' lang='lat'><em>,</em></span> <span class='ocrx_word' id='word_1_78' title='bbox 464 973 521 1020; x_wconf 84' lang='lat' dir='ltr'><em>et</em></span> <span class='ocrx_word' id='word_1_79' title='bbox 554 963 900 1020; x_wconf 82' lang='lat' dir='ltr'><em>adorabunt</em></span> <span class='ocrx_word' id='word_1_80' title='bbox 944 962 1015 1016; x_wconf 91' lang='lat' dir='ltr'><em>in</em></span> <span class='ocrx_word' id='word_1_81' title='bbox 1050 968 1361 1036; x_wconf 72' lang='lat' dir='ltr'><strong>conspeetu</strong></span> <span class='ocrx_word' id='word_1_82' title='bbox 1391 962 1519 1036; x_wconf 78' lang='lat' dir='ltr'><strong>ejus</strong></span> <span class='ocrx_word' id='word_1_83' title='bbox 1559 963 1856 1017; x_wconf 64' lang='lat' dir='ltr'><em>universae</em></span> <span class='ocrx_word' id='word_1_84' title='bbox 1891 966 2156 1039; x_wconf 66' lang='lat' dir='ltr'><em>familiae</em></span> 
     </span>
     <span class='ocr_line' id='line_1_10' title="bbox 41 1053 2249 1139; baseline 0 -22"><span class='ocrx_word' id='word_1_85' title='bbox 41 1063 335 1139; x_wconf 76' lang='lat' dir='ltr'><em>yentium.</em></span> <span class='ocrx_word' id='word_1_86' title='bbox 367 1059 666 1136; x_wconf 79' lang='lat' dir='ltr'><em>Quoniam</em></span> <span class='ocrx_word' id='word_1_87' title='bbox 693 1053 949 1114; x_wconf 78' lang='lat' dir='ltr'><em>Domini</em></span> <span class='ocrx_word' id='word_1_88' title='bbox 970 1062 1056 1110; x_wconf 74' lang='lat' dir='ltr'><em>est</em></span> <span class='ocrx_word' id='word_1_89' title='bbox 1078 1073 1333 1131; x_wconf 65' lang='lat' dir='ltr'><em>regnum</em></span> <span class='ocrx_word' id='word_1_90' title='bbox 1349 1063 1404 1110; x_wconf 89' lang='lat' dir='ltr'><em>et</em></span> <span class='ocrx_word' id='word_1_91' title='bbox 1425 1058 1549 1132; x_wconf 75' lang='lat' dir='ltr'><em>ipse</em></span> <span class='ocrx_word' id='word_1_92' title='bbox 1572 1054 1994 1114; x_wconf 70' lang='lat' dir='ltr'><em>dominabitur</em></span> <span class='ocrx_word' id='word_1_93' title='bbox 2010 1079 2159 1137; x_wconf 71' lang='lat' dir='ltr'><strong>qen-</strong></span> <span class='ocrx_word' id='word_1_94' title='bbox 2247 1081 2249 1085; x_wconf 89' lang='lat'>·</span> 
     </span>
     <span class='ocr_line' id='line_1_11' title="bbox 51 1146 2158 1232; baseline 0 -21"><span class='ocrx_word' id='word_1_95' title='bbox 51 1159 229 1211; x_wconf 82' lang='lat' dir='ltr'><em>tium.</em></span> <span class='ocrx_word' id='word_1_96' title='bbox 258 1153 395 1226; x_wconf 83' lang='lat' dir='ltr'><em>Haec</em></span> <span class='ocrx_word' id='word_1_97' title='bbox 415 1152 537 1232; x_wconf 87' lang='lat' dir='ltr'><em>ipsa</em></span> <span class='ocrx_word' id='word_1_98' title='bbox 567 1149 779 1230; x_wconf 84' lang='lat' dir='ltr'><strong>repetit</strong></span> <span class='ocrx_word' id='word_1_99' title='bbox 799 1146 970 1205; x_wconf 84' lang='lat' dir='ltr'><em>Isaias</em></span> <span class='ocrx_word' id='word_1_100' title='bbox 995 1189 1012 1220; x_wconf 79' lang='lat'>‚</span> <span class='ocrx_word' id='word_1_101' title='bbox 1045 1164 1172 1228; x_wconf 83' lang='lat' dir='ltr'><em>cap.</em></span> <span class='ocrx_word' id='word_1_102' title='bbox 1211 1147 1293 1221; x_wconf 73' lang='grc' dir='ltr'><em>ΙΙ,</em></span> <span class='ocrx_word' id='word_1_103' title='bbox 1318 1147 1360 1204; x_wconf 78' lang='lat'>2</span> <span class='ocrx_word' id='word_1_104' title='bbox 1390 1158 1449 1206; x_wconf 82' lang='lat' dir='ltr'><strong>et</strong></span> <span class='ocrx_word' id='word_1_105' title='bbox 1484 1168 1647 1229; x_wconf 89' lang='lat' dir='ltr'><strong>seqq.</strong></span> <span class='ocrx_word' id='word_1_106' title='bbox 1670 1169 1685 1206; x_wconf 71' lang='grc' dir='ltr'>ι</span> <span class='ocrx_word' id='word_1_107' title='bbox 1713 1149 1800 1207; x_wconf 88' lang='lat' dir='ltr'><em>Et</em></span> <span class='ocrx_word' id='word_1_108' title='bbox 1821 1153 1939 1208; x_wconf 76' lang='lat' dir='ltr'><em>erit</em></span> <span class='ocrx_word' id='word_1_109' title='bbox 1958 1155 2027 1210; x_wconf 90' lang='lat' dir='ltr'><em>in</em></span> <span class='ocrx_word' id='word_1_110' title='bbox 2048 1174 2158 1212; x_wconf 87' lang='lat' dir='ltr'><em>no-</em></span> 
     </span>
     <span class='ocr_line' id='line_1_12' title="bbox 55 1243 2162 1322; baseline 0.001 -16"><span class='ocrx_word' id='word_1_111' title='bbox 55 1250 313 1306; x_wconf 75' lang='lat' dir='ltr'><em>vissimis</em></span> <span class='ocrx_word' id='word_1_112' title='bbox 336 1246 938 1322; x_wconf 75' lang='lat' dir='ltr'><em>diebusproeparatus</em></span> <span class='ocrx_word' id='word_1_113' title='bbox 962 1262 1131 1300; x_wconf 77' lang='lat' dir='ltr'><em>mons</em></span> <span class='ocrx_word' id='word_1_114' title='bbox 1161 1243 1373 1302; x_wconf 76' lang='lat' dir='ltr'><em>domus</em></span> <span class='ocrx_word' id='word_1_115' title='bbox 1394 1244 1650 1303; x_wconf 79' lang='lat' dir='ltr'><em>Domini</em></span> <span class='ocrx_word' id='word_1_116' title='bbox 1670 1248 1741 1302; x_wconf 88' lang='lat' dir='ltr'><em>in</em></span> <span class='ocrx_word' id='word_1_117' title='bbox 1764 1249 1976 1305; x_wconf 81' lang='lat' dir='ltr'><em>vertice</em></span> <span class='ocrx_word' id='word_1_118' title='bbox 1990 1269 2162 1308; x_wconf 89' lang='lat' dir='ltr'><em>mon-</em></span> 
     </span>
     <span class='ocr_line' id='line_1_13' title="bbox 56 1335 2167 1420; baseline 0.001 -20"><span class='ocrx_word' id='word_1_119' title='bbox 56 1346 251 1413; x_wconf 81' lang='lat' dir='ltr'><em>tium,</em></span> <span class='ocrx_word' id='word_1_120' title='bbox 293 1350 346 1398; x_wconf 86' lang='lat' dir='ltr'><em>et</em></span> <span class='ocrx_word' id='word_1_121' title='bbox 385 1335 713 1396; x_wconf 75' lang='lat' dir='ltr'><em>elevabitur</em></span> <span class='ocrx_word' id='word_1_122' title='bbox 746 1357 930 1416; x_wconf 77' lang='lat' dir='ltr'><strong>super</strong></span> <span class='ocrx_word' id='word_1_123' title='bbox 960 1338 1159 1410; x_wconf 69' lang='lat' dir='ltr'><strong>eolles,</strong></span> <span class='ocrx_word' id='word_1_124' title='bbox 1203 1348 1258 1395; x_wconf 85' lang='lat' dir='ltr'><em>et</em></span> <span class='ocrx_word' id='word_1_125' title='bbox 1291 1338 1489 1414; x_wconf 79' lang='lat' dir='ltr'><em>fluent</em></span> <span class='ocrx_word' id='word_1_126' title='bbox 1532 1339 1619 1396; x_wconf 79' lang='lat' dir='ltr'><em>ad</em></span> <span class='ocrx_word' id='word_1_127' title='bbox 1655 1359 1791 1397; x_wconf 89' lang='lat' dir='ltr'><em>eum</em></span> <span class='ocrx_word' id='word_1_128' title='bbox 1829 1349 2069 1420; x_wconf 60' lang='lat' dir='ltr'><strong>yente83</strong></span> <span class='ocrx_word' id='word_1_129' title='bbox 2110 1354 2167 1402; x_wconf 88' lang='lat' dir='ltr'><em>et</em></span> 
     </span>
     <span class='ocr_line' id='line_1_14' title="bbox 57 1432 2164 1512; baseline 0.002 -19"><span class='ocrx_word' id='word_1_130' title='bbox 57 1436 232 1494; x_wconf 82' lang='lat' dir='ltr'><em>ibunt</em></span> <span class='ocrx_word' id='word_1_131' title='bbox 240 1433 468 1512; x_wconf 83' lang='lat' dir='ltr'><em>populi</em></span> <span class='ocrx_word' id='word_1_132' title='bbox 490 1433 670 1489; x_wconf 85' lang='lat' dir='ltr'><em>multi</em></span> <span class='ocrx_word' id='word_1_133' title='bbox 687 1474 709 1502; x_wconf 86' lang='lat'><em>,</em></span> <span class='ocrx_word' id='word_1_134' title='bbox 735 1441 790 1489; x_wconf 88' lang='lat' dir='ltr'><em>et</em></span> <span class='ocrx_word' id='word_1_135' title='bbox 813 1432 1015 1490; x_wconf 82' lang='lat' dir='ltr'><em>dicent</em></span> <span class='ocrx_word' id='word_1_136' title='bbox 1041 1452 1060 1490; x_wconf 88' lang='lat'><em>:</em></span> <span class='ocrx_word' id='word_1_137' title='bbox 1095 1435 1284 1491; x_wconf 82' lang='lat' dir='ltr'><em>venite</em></span> <span class='ocrx_word' id='word_1_138' title='bbox 1307 1443 1364 1491; x_wconf 88' lang='lat' dir='ltr'><em>et</em></span> <span class='ocrx_word' id='word_1_139' title='bbox 1387 1435 1779 1493; x_wconf 78' lang='lat' dir='ltr'><em>ascendamus</em></span> <span class='ocrx_word' id='word_1_140' title='bbox 1800 1437 1887 1494; x_wconf 83' lang='lat' dir='ltr'><em>ad</em></span> <span class='ocrx_word' id='word_1_141' title='bbox 1906 1448 2164 1497; x_wconf 85' lang='lat' dir='ltr'><em>montem</em></span> 
     </span>
     <span class='ocr_line' id='line_1_15' title="bbox 56 1527 2168 1608; baseline 0.002 -21"><span class='ocrx_word' id='word_1_142' title='bbox 56 1529 348 1598; x_wconf 86' lang='lat' dir='ltr'><em>Domini,</em></span> <span class='ocrx_word' id='word_1_143' title='bbox 378 1533 432 1585; x_wconf 91' lang='lat' dir='ltr'><em>et</em></span> <span class='ocrx_word' id='word_1_144' title='bbox 459 1527 546 1585; x_wconf 80' lang='lat' dir='ltr'><em>ad</em></span> <span class='ocrx_word' id='word_1_145' title='bbox 560 1527 818 1584; x_wconf 84' lang='lat' dir='ltr'><em>domum</em></span> <span class='ocrx_word' id='word_1_146' title='bbox 846 1527 966 1586; x_wconf 91' lang='lat' dir='ltr'><em>Dei</em></span> <span class='ocrx_word' id='word_1_147' title='bbox 993 1527 1217 1599; x_wconf 78' lang='lat' dir='ltr'><em>Jacob,</em></span> <span class='ocrx_word' id='word_1_148' title='bbox 1245 1538 1301 1585; x_wconf 85' lang='lat' dir='ltr'><em>et</em></span> <span class='ocrx_word' id='word_1_149' title='bbox 1331 1529 1561 1587; x_wconf 81' lang='lat' dir='ltr'><em>docebit</em></span> <span class='ocrx_word' id='word_1_150' title='bbox 1590 1550 1697 1588; x_wconf 75' lang='lat' dir='ltr'><em>nos</em></span> <span class='ocrx_word' id='word_1_151' title='bbox 1732 1535 1860 1589; x_wconf 76' lang='lat' dir='ltr'><em>vias</em></span> <span class='ocrx_word' id='word_1_152' title='bbox 1889 1553 2032 1591; x_wconf 75' lang='lat' dir='ltr'><em>suas</em></span> <span class='ocrx_word' id='word_1_153' title='bbox 2051 1578 2068 1608; x_wconf 77' lang='lat'><em>.,</em></span> <span class='ocrx_word' id='word_1_154' title='bbox 2111 1544 2168 1592; x_wconf 89' lang='lat' dir='ltr'><em>et</em></span> 
     </span>
     <span class='ocr_line' id='line_1_16' title="bbox 55 1623 2166 1700; baseline 0.002 -18"><span class='ocrx_word' id='word_1_155' title='bbox 55 1623 509 1682; x_wconf 72' lang='lat' dir='ltr'><em>ambulabimus</em></span> <span class='ocrx_word' id='word_1_156' title='bbox 530 1626 600 1679; x_wconf 79' lang='lat' dir='ltr'><em>in</em></span> <span class='ocrx_word' id='word_1_157' title='bbox 630 1625 855 1680; x_wconf 74' lang='lat' dir='ltr'><em>semitis</em></span> <span class='ocrx_word' id='word_1_158' title='bbox 886 1625 1032 1699; x_wconf 73' lang='lat' dir='ltr'><em>ejuS,</em></span> <span class='ocrx_word' id='word_1_159' title='bbox 1067 1626 1216 1700; x_wconf 82' lang='lat' dir='ltr'><em>quia</em></span> <span class='ocrx_word' id='word_1_160' title='bbox 1237 1623 1307 1681; x_wconf 85' lang='lat' dir='ltr'><strong>de</strong></span> <span class='ocrx_word' id='word_1_161' title='bbox 1330 1625 1478 1682; x_wconf 86' lang='lat' dir='ltr'><em>Sion</em></span> <span class='ocrx_word' id='word_1_162' title='bbox 1501 1625 1691 1682; x_wconf 72' lang='lat' dir='ltr'><em>eoeibit</em></span> <span class='ocrx_word' id='word_1_163' title='bbox 1719 1627 1811 1684; x_wconf 73' lang='lat' dir='ltr'><strong>lece</strong></span> <span class='ocrx_word' id='word_1_164' title='bbox 1837 1638 1893 1684; x_wconf 87' lang='lat' dir='ltr'><em>et</em></span> <span class='ocrx_word' id='word_1_165' title='bbox 1915 1629 2166 1688; x_wconf 79' lang='lat' dir='ltr'><em>verbum</em></span> 
     </span>
     <span class='ocr_line' id='line_1_17' title="bbox 57 1716 2167 1799; baseline 0.002 -22"><span class='ocrx_word' id='word_1_166' title='bbox 57 1718 315 1777; x_wconf 86' lang='lat' dir='ltr'><em>Domini</em></span> <span class='ocrx_word' id='word_1_167' title='bbox 337 1718 405 1775; x_wconf 87' lang='lat' dir='ltr'><strong>de</strong></span> <span class='ocrx_word' id='word_1_168' title='bbox 429 1716 769 1776; x_wconf 78' lang='lat' dir='ltr'><em>Jerusalem</em></span> <span class='ocrx_word' id='word_1_169' title='bbox 785 1739 808 1783; x_wconf 92' lang='lat'><em>,·</em></span> <span class='ocrx_word' id='word_1_170' title='bbox 835 1726 895 1775; x_wconf 74' lang='lat' dir='ltr'><strong>et,</strong></span> <span class='ocrx_word' id='word_1_171' title='bbox 923 1737 1156 1775; x_wconf 83' lang='lat' dir='ltr'><strong>rursum</strong></span> <span class='ocrx_word' id='word_1_172' title='bbox 1174 1762 1190 1792; x_wconf 79' lang='lat'>‚</span> <span class='ocrx_word' id='word_1_173' title='bbox 1236 1738 1362 1799; x_wconf 83' lang='lat' dir='ltr'><em>cap.</em></span> <span class='ocrx_word' id='word_1_174' title='bbox 1393 1720 1509 1791; x_wconf 84' lang='lat' dir='ltr'><em>LV,</em></span> <span class='ocrx_word' id='word_1_175' title='bbox 1553 1741 1677 1778; x_wconf 88' lang='lat' dir='ltr'><em>non</em></span> <span class='ocrx_word' id='word_1_176' title='bbox 1713 1722 1911 1780; x_wconf 90' lang='lat' dir='ltr'><em>minus</em></span> <span class='ocrx_word' id='word_1_177' title='bbox 1941 1721 2167 1784; x_wconf 88' lang='lat' dir='ltr'><strong>iHustre</strong></span> 
     </span>
     <span class='ocr_line' id='line_1_18' title="bbox 60 1808 2168 1892; baseline 0.004 -22"><span class='ocrx_word' id='word_1_178' title='bbox 60 1809 240 1870; x_wconf 88' lang='lat' dir='ltr'><strong>edidit</strong></span> <span class='ocrx_word' id='word_1_179' title='bbox 269 1810 608 1872; x_wconf 84' lang='lat' dir='ltr'><em>vaticinium</em></span> <span class='ocrx_word' id='word_1_180' title='bbox 642 1809 717 1869; x_wconf 90' lang='lat' dir='ltr'><strong>de</strong></span> <span class='ocrx_word' id='word_1_181' title='bbox 753 1808 1020 1890; x_wconf 82' lang='lat' dir='ltr'><em>gentibus</em></span> <span class='ocrx_word' id='word_1_182' title='bbox 1061 1832 1168 1892; x_wconf 90' lang='lat' dir='ltr'><strong>per</strong></span> <span class='ocrx_word' id='word_1_183' title='bbox 1210 1813 1479 1872; x_wconf 86' lang='lat' dir='ltr'><em>Messiam</em></span> <span class='ocrx_word' id='word_1_184' title='bbox 1512 1812 1589 1873; x_wconf 83' lang='lat' dir='ltr'><em>ad</em></span> <span class='ocrx_word' id='word_1_185' title='bbox 1624 1817 1749 1875; x_wconf 86' lang='lat' dir='ltr'><em>veri</em></span> <span class='ocrx_word' id='word_1_186' title='bbox 1793 1817 1900 1876; x_wconf 90' lang='lat' dir='ltr'><em>Dei</em></span> <span class='ocrx_word' id='word_1_187' title='bbox 1942 1817 2168 1878; x_wconf 80' lang='lat' dir='ltr'><strong>cultum</strong></span> 
     </span>
     <span class='ocr_line' id='line_1_19' title="bbox 43 1904 2168 1992; baseline 0.006 -31"><span class='ocrx_word' id='word_1_188' title='bbox 43 1904 333 1967; x_wconf 79' lang='lat' dir='ltr'><strong>vocandis</strong></span> <span class='ocrx_word' id='word_1_189' title='bbox 358 1928 371 1963; x_wconf 91' lang='lat'>:</span> <span class='ocrx_word' id='word_1_190' title='bbox 402 1906 555 1965; x_wconf 82' lang='lat' dir='ltr'><strong>Eece</strong></span> <span class='ocrx_word' id='word_1_191' title='bbox 580 1916 773 1963; x_wconf 78' lang='lat' dir='ltr'><em>testem</em></span> <span class='ocrx_word' id='word_1_192' title='bbox 796 1907 1040 1985; x_wconf 77' lang='lat' dir='ltr'><em>populis</em></span> <span class='ocrx_word' id='word_1_193' title='bbox 1068 1907 1210 1965; x_wconf 85' lang='lat' dir='ltr'><em>dedi</em></span> <span class='ocrx_word' id='word_1_194' title='bbox 1230 1929 1369 1966; x_wconf 89' lang='lat' dir='ltr'><em>eum</em></span> <span class='ocrx_word' id='word_1_195' title='bbox 1399 1953 1414 1983; x_wconf 75' lang='grc'><em>,</em></span> <span class='ocrx_word' id='word_1_196' title='bbox 1442 1909 1654 1968; x_wconf 84' lang='lat' dir='ltr'><strong>ducem</strong></span> <span class='ocrx_word' id='word_1_197' title='bbox 1672 1922 1727 1968; x_wconf 89' lang='lat' dir='ltr'><em>et</em></span> <span class='ocrx_word' id='word_1_198' title='bbox 1743 1924 2168 1992; x_wconf 77' lang='lat' dir='ltr'><em>praeceptorem</em></span> 
     </span>
     <span class='ocr_line' id='line_1_20' title="bbox 55 2002 2170 2087; baseline 0.005 -30"><span class='ocrx_word' id='word_1_199' title='bbox 55 2002 352 2079; x_wconf 64' lang='lat' dir='ltr'><em>gentibus.</em></span> <span class='ocrx_word' id='word_1_200' title='bbox 374 2002 526 2062; x_wconf 80' lang='lat' dir='ltr'><strong>Eece</strong></span> <span class='ocrx_word' id='word_1_201' title='bbox 540 2011 791 2081; x_wconf 73' lang='lat' dir='ltr'><em>yentem,</em></span> <span class='ocrx_word' id='word_1_202' title='bbox 816 2022 1004 2080; x_wconf 82' lang='lat' dir='ltr'><em>quam</em></span> <span class='ocrx_word' id='word_1_203' title='bbox 1024 2003 1348 2075; x_wconf 73' lang='lat' dir='ltr'><em>nesciebas,</em></span> <span class='ocrx_word' id='word_1_204' title='bbox 1376 2007 1633 2077; x_wconf 71' lang='lat' dir='ltr'><em>vocabis,</em></span> <span class='ocrx_word' id='word_1_205' title='bbox 1649 2016 1705 2063; x_wconf 86' lang='lat' dir='ltr'><em>et</em></span> <span class='ocrx_word' id='word_1_206' title='bbox 1720 2018 1942 2086; x_wconf 69' lang='lat' dir='ltr'><strong>qenteS,</strong></span> <span class='ocrx_word' id='word_1_207' title='bbox 1959 2030 2092 2087; x_wconf 82' lang='lat' dir='ltr'><em>quae</em></span> <span class='ocrx_word' id='word_1_208' title='bbox 2117 2019 2170 2067; x_wconf 91' lang='lat' dir='ltr'><em>te</em></span> 
     </span>
     <span class='ocr_line' id='line_1_21' title="bbox 63 2096 2171 2183; baseline 0.005 -31"><span class='ocrx_word' id='word_1_209' title='bbox 63 2114 185 2151; x_wconf 90' lang='lat' dir='ltr'><em>non</em></span> <span class='ocrx_word' id='word_1_210' title='bbox 209 2106 637 2174; x_wconf 73' lang='lat' dir='ltr'><em>coynoverunt,</em></span> <span class='ocrx_word' id='word_1_211' title='bbox 662 2096 749 2154; x_wconf 84' lang='lat' dir='ltr'><em>ad</em></span> <span class='ocrx_word' id='word_1_212' title='bbox 773 2105 824 2153; x_wconf 85' lang='lat' dir='ltr'><em>te</em></span> <span class='ocrx_word' id='word_1_213' title='bbox 847 2105 1117 2154; x_wconf 76' lang='lat' dir='ltr'><em>current.</em></span> <span class='ocrx_word' id='word_1_214' title='bbox 1147 2098 1219 2155; x_wconf 83' lang='lat' dir='ltr'><em>Et</em></span> <span class='ocrx_word' id='word_1_215' title='bbox 1245 2096 1366 2157; x_wconf 86' lang='lat' dir='ltr'><em>haec</em></span> <span class='ocrx_word' id='word_1_216' title='bbox 1397 2120 1466 2157; x_wconf 83' lang='lat' dir='ltr'><strong>ex</strong></span> <span class='ocrx_word' id='word_1_217' title='bbox 1501 2099 1700 2159; x_wconf 80' lang='lat' dir='ltr'><em>multis</em></span> <span class='ocrx_word' id='word_1_218' title='bbox 1719 2146 1735 2176; x_wconf 70' lang='lat'>,</span> <span class='ocrx_word' id='word_1_219' title='bbox 1770 2123 1899 2183; x_wconf 84' lang='lat' dir='ltr'><em>quae</em></span> <span class='ocrx_word' id='word_1_220' title='bbox 1928 2102 1991 2160; x_wconf 93' lang='lat' dir='ltr'><em>in</em></span> <span class='ocrx_word' id='word_1_221' title='bbox 2018 2102 2171 2162; x_wconf 86' lang='lat' dir='ltr'><strong>hanc</strong></span> 
     </span>
     <span class='ocr_line' id='line_1_22' title="bbox 66 2188 2165 2278; baseline 0.006 -33"><span class='ocrx_word' id='word_1_222' title='bbox 66 2207 192 2246; x_wconf 88' lang='lat' dir='ltr'><em>rem</em></span> <span class='ocrx_word' id='word_1_223' title='bbox 219 2189 447 2267; x_wconf 86' lang='lat' dir='ltr'><em>congeri</em></span> <span class='ocrx_word' id='word_1_224' title='bbox 472 2200 710 2270; x_wconf 83' lang='lat' dir='ltr'><strong>possent</strong></span> <span class='ocrx_word' id='word_1_225' title='bbox 728 2235 743 2265; x_wconf 76' lang='lat'>‚</span> <span class='ocrx_word' id='word_1_226' title='bbox 770 2188 1056 2249; x_wconf 85' lang='lat' dir='ltr'><strong>sufficient</strong></span> <span class='ocrx_word' id='word_1_227' title='bbox 1077 2235 1093 2265; x_wconf 87' lang='lat'><em>.‚</em></span> <span class='ocrx_word' id='word_1_228' title='bbox 1117 2212 1250 2250; x_wconf 91' lang='lat' dir='ltr'><em>cum</em></span> <span class='ocrx_word' id='word_1_229' title='bbox 1274 2205 1476 2272; x_wconf 81' lang='lat' dir='ltr'>agatur</span> <span class='ocrx_word' id='word_1_230' title='bbox 1496 2193 1569 2254; x_wconf 89' lang='lat' dir='ltr'><strong>de</strong></span> <span class='ocrx_word' id='word_1_231' title='bbox 1595 2216 1659 2254; x_wconf 89' lang='lat' dir='ltr'><strong>re</strong></span> <span class='ocrx_word' id='word_1_232' title='bbox 1682 2196 2165 2278; x_wconf 78' lang='lat' dir='ltr'><em>exploratissima.</em></span> 
     </span>
    </p>

    <p class='ocr_par' dir='ltr' id='par_1_4' title="bbox 152 2280 2173 2371">
     <span class='ocr_line' id='line_1_23' title="bbox 152 2280 2173 2371; baseline 0.007 -32"><span class='ocrx_word' id='word_1_233' title='bbox 152 2280 291 2341; x_wconf 77' lang='lat'><strong>129.</strong></span> <span class='ocrx_word' id='word_1_234' title='bbox 337 2284 512 2341; x_wconf 89' lang='lat' dir='ltr'><strong>Porro</strong></span> <span class='ocrx_word' id='word_1_235' title='bbox 531 2326 548 2357; x_wconf 72' lang='grc'><em>,</em></span> <span class='ocrx_word' id='word_1_236' title='bbox 583 2283 729 2342; x_wconf 87' lang='lat' dir='ltr'><strong>sicut</strong></span> <span class='ocrx_word' id='word_1_237' title='bbox 771 2294 934 2343; x_wconf 77' lang='lat' dir='ltr'><strong>extra</strong></span> <span class='ocrx_word' id='word_1_238' title='bbox 977 2305 1215 2345; x_wconf 89' lang='lat' dir='ltr'><em>omnem</em></span> <span class='ocrx_word' id='word_1_239' title='bbox 1257 2286 1640 2368; x_wconf 83' lang='lat' dir='ltr'><em>dubitationis</em></span> <span class='ocrx_word' id='word_1_240' title='bbox 1681 2289 1870 2350; x_wconf 85' lang='lat' dir='ltr'><strong>aleam</strong></span> <span class='ocrx_word' id='word_1_241' title='bbox 1907 2293 2173 2371; x_wconf 81' lang='lat' dir='ltr'><em>gentium</em></span> 
     </span>
    </p>
   </div>
   <div class='ocr_carea' id='block_1_4' title="bbox 70 2443 1078 2593">
    <p class='ocr_par' dir='ltr' id='par_1_5' title="bbox 70 2443 1078 2593">
     <span class='ocr_line' id='line_1_24' title="bbox 142 2443 1075 2511; baseline 0.005 -21"><span class='ocrx_word' id='word_1_242' title='bbox 142 2443 212 2507; x_wconf 88' lang='lat' dir='ltr'><em>(l)</em></span> <span class='ocrx_word' id='word_1_243' title='bbox 249 2443 349 2492; x_wconf 75' lang='lat' dir='ltr'><strong>Cfr.</strong></span> <span class='ocrx_word' id='word_1_244' title='bbox 382 2443 452 2493; x_wconf 91' lang='lat' dir='ltr'><strong>De</strong></span> <span class='ocrx_word' id='word_1_245' title='bbox 483 2443 644 2493; x_wconf 84' lang='lat' dir='ltr'><em>Voisin</em></span> <span class='ocrx_word' id='word_1_246' title='bbox 665 2482 679 2506; x_wconf 92' lang='lat'>‚</span> <span class='ocrx_word' id='word_1_247' title='bbox 717 2449 766 2493; x_wconf 82' lang='lat' dir='ltr'><em>in</em></span> <span class='ocrx_word' id='word_1_248' title='bbox 798 2449 1075 2511; x_wconf 83' lang='lat' dir='ltr'><em>prooemium</em></span> 
     </span>
     <span class='ocr_line' id='line_1_25' title="bbox 70 2522 1078 2593; baseline 0.006 -23"><span class='ocrx_word' id='word_1_249' title='bbox 70 2522 200 2588; x_wconf 73' lang='lat' dir='ltr'><em>Puq.</em></span> <span class='ocrx_word' id='word_1_250' title='bbox 230 2524 320 2588; x_wconf 84' lang='lat' dir='ltr'><em>fid.</em></span> <span class='ocrx_word' id='word_1_251' title='bbox 342 2542 442 2591; x_wconf 84' lang='lat' dir='ltr'><strong>pag.</strong></span> <span class='ocrx_word' id='word_1_252' title='bbox 469 2524 560 2573; x_wconf 83' lang='lat'><em>162</em></span> <span class='ocrx_word' id='word_1_253' title='bbox 586 2536 630 2574; x_wconf 89' lang='lat' dir='ltr'><strong>et</strong></span> <span class='ocrx_word' id='word_1_254' title='bbox 657 2544 789 2593; x_wconf 88' lang='lat' dir='ltr'><strong>seqq.</strong></span> <span class='ocrx_word' id='word_1_255' title='bbox 811 2528 924 2575; x_wconf 88' lang='lat' dir='ltr'><em>edit.</em></span> <span class='ocrx_word' id='word_1_256' title='bbox 959 2530 1040 2576; x_wconf 75' lang='lat' dir='ltr'><em>cit.</em></span> <span class='ocrx_word' id='word_1_257' title='bbox 1062 2545 1078 2592; x_wconf 82' lang='lat'><em>3</em></span> 
     </span>
    </p>
   </div>
   <div class='ocr_carea' id='block_1_5' title="bbox 70 2604 1075 2670">
    <p class='ocr_par' dir='ltr' id='par_1_6' title="bbox 70 2604 1075 2670">
     <span class='ocr_line' id='line_1_26' title="bbox 70 2604 1075 2670; baseline 0.002 -17"><span class='ocrx_word' id='word_1_258' title='bbox 70 2604 170 2653; x_wconf 84' lang='lat' dir='ltr'><em>aliis</em></span> <span class='ocrx_word' id='word_1_259' title='bbox 190 2607 316 2654; x_wconf 86' lang='lat' dir='ltr'><em>enim</em></span> <span class='ocrx_word' id='word_1_260' title='bbox 344 2609 523 2654; x_wconf 87' lang='lat' dir='ltr'><em>omissis</em></span> <span class='ocrx_word' id='word_1_261' title='bbox 543 2642 556 2665; x_wconf 89' lang='lat'>‚</span> <span class='ocrx_word' id='word_1_262' title='bbox 578 2610 628 2655; x_wconf 88' lang='lat' dir='ltr'><em>in</em></span> <span class='ocrx_word' id='word_1_263' title='bbox 656 2607 876 2655; x_wconf 74' lang='lat' dir='ltr'><em>Berescit</em></span> <span class='ocrx_word' id='word_1_264' title='bbox 895 2607 1043 2656; x_wconf 70' lang='lat' dir='ltr'><em>rabba</em></span> <span class='ocrx_word' id='word_1_265' title='bbox 1058 2644 1075 2670; x_wconf 91' lang='lat'><strong><em>,</em></strong></span> 
     </span>
    </p>
   </div>
   <div class='ocr_carea' id='block_1_6' title="bbox 71 2684 1091 2762">
    <p class='ocr_par' dir='ltr' id='par_1_7' title="bbox 71 2684 1091 2762">
     <span class='ocr_line' id='line_1_27' title="bbox 71 2684 1091 2762; baseline 0.003 -28"><span class='ocrx_word' id='word_1_266' title='bbox 71 2696 180 2736; x_wconf 80' lang='lat' dir='ltr'><strong>sect.</strong></span> <span class='ocrx_word' id='word_1_267' title='bbox 212 2684 278 2735; x_wconf 88' lang='grc'><em>88</em></span> <span class='ocrx_word' id='word_1_268' title='bbox 297 2724 310 2748; x_wconf 89' lang='grc'>,</span> <span class='ocrx_word' id='word_1_269' title='bbox 340 2687 539 2752; x_wconf 84' lang='lat' dir='ltr'><strong>legitur:</strong></span> <span class='ocrx_word' id='word_1_270' title='bbox 571 2686 784 2749; x_wconf 80' lang='lat' dir='ltr'><em>Dicitur,</em></span> <span class='ocrx_word' id='word_1_271' title='bbox 809 2687 964 2762; x_wconf 76' lang='lat' dir='ltr'><em>Amos</em></span> <span class='ocrx_word' id='word_1_272' title='bbox 995 2707 1046 2737; x_wconf 79' lang='lat' dir='ltr'><em>lx</em></span> <span class='ocrx_word' id='word_1_273' title='bbox 1064 2728 1091 2758; x_wconf 22' lang='lat'><em>‚-</em></span> 
     </span>
    </p>
   </div>
   <div class='ocr_carea' id='block_1_7' title="bbox 69 2766 1084 2994">
    <p class='ocr_par' dir='ltr' id='par_1_8' title="bbox 69 2766 1084 2994">
     <span class='ocr_line' id='line_1_28' title="bbox 80 2766 1083 2834; baseline 0.004 -19"><span class='ocrx_word' id='word_1_274' title='bbox 80 2783 97 2815; x_wconf 78' lang='grc' dir='ltr'><strong>ι</strong></span> <span class='ocrx_word' id='word_1_275' title='bbox 115 2783 131 2814; x_wconf 83' lang='lat'>1</span> <span class='ocrx_word' id='word_1_276' title='bbox 159 2803 172 2827; x_wconf 90' lang='lat'>‚</span> <span class='ocrx_word' id='word_1_277' title='bbox 189 2766 270 2816; x_wconf 83' lang='lat' dir='ltr'><em>illo</em></span> <span class='ocrx_word' id='word_1_278' title='bbox 295 2767 374 2816; x_wconf 84' lang='lat' dir='ltr'><em>die</em></span> <span class='ocrx_word' id='word_1_279' title='bbox 400 2769 699 2834; x_wconf 69' lang='lat' dir='ltr'><em>reaedificabo</em></span> <span class='ocrx_word' id='word_1_280' title='bbox 716 2770 1083 2819; x_wconf 84' lang='lat' dir='ltr'><em>tabernaculum</em></span> 
     </span>
     <span class='ocr_line' id='line_1_29' title="bbox 75 2846 1084 2910; baseline 0.005 -14"><span class='ocrx_word' id='word_1_281' title='bbox 75 2846 272 2910; x_wconf 75' lang='lat' dir='ltr'><em>David,</em></span> <span class='ocrx_word' id='word_1_282' title='bbox 301 2860 390 2899; x_wconf 80' lang='lat' dir='ltr'><strong>etc.</strong></span> <span class='ocrx_word' id='word_1_283' title='bbox 416 2853 489 2898; x_wconf 83' lang='lat' dir='ltr'><em>ita</em></span> <span class='ocrx_word' id='word_1_284' title='bbox 520 2860 577 2899; x_wconf 81' lang='lat' dir='ltr'><em>ut</em></span> <span class='ocrx_word' id='word_1_285' title='bbox 592 2853 849 2900; x_wconf 71' lang='lat' dir='ltr'><em>universus</em></span> <span class='ocrx_word' id='word_1_286' title='bbox 873 2852 1084 2901; x_wconf 70' lang='lat' dir='ltr'><em>mundus</em></span> 
     </span>
     <span class='ocr_line' id='line_1_30' title="bbox 69 2929 1082 2994; baseline 0.005 -16"><span class='ocrx_word' id='word_1_287' title='bbox 69 2929 162 2994; x_wconf 86' lang='lat' dir='ltr'><em>fiat</em></span> <span class='ocrx_word' id='word_1_288' title='bbox 186 2946 287 2978; x_wconf 81' lang='lat' dir='ltr'><em>una</em></span> <span class='ocrx_word' id='word_1_289' title='bbox 315 2931 521 2981; x_wconf 80' lang='lat' dir='ltr'><em>collectio</em></span> <span class='ocrx_word' id='word_1_290' title='bbox 534 2953 554 2991; x_wconf 89' lang='lat'><em>‚·</em></span> <span class='ocrx_word' id='word_1_291' title='bbox 574 2935 625 2980; x_wconf 90' lang='lat' dir='ltr'><em>in</em></span> <span class='ocrx_word' id='word_1_292' title='bbox 638 2932 724 2982; x_wconf 90' lang='lat' dir='ltr'><em>lib.</em></span> <span class='ocrx_word' id='word_1_293' title='bbox 743 2932 901 2982; x_wconf 77' lang='lat' dir='ltr'><strong><em>Sohar</em></strong></span> <span class='ocrx_word' id='word_1_294' title='bbox 916 2933 969 2983; x_wconf 87' lang='lat' dir='ltr'><em>E</em></span> <span class='ocrx_word' id='word_1_295' title='bbox 968 2934 1082 2985; x_wconf 64' lang='lat' dir='ltr'><em>aod,</em></span> 
     </span>
    </p>
   </div>
   <div class='ocr_carea' id='block_1_8' title="bbox 68 3011 1090 3719">
    <p class='ocr_par' dir='ltr' id='par_1_9' title="bbox 68 3011 1090 3719">
     <span class='ocr_line' id='line_1_31' title="bbox 79 3011 1086 3080; baseline 0.007 -22"><span class='ocrx_word' id='word_1_296' title='bbox 79 3027 134 3078; x_wconf 84' lang='lat'><em>7¹</em></span> <span class='ocrx_word' id='word_1_297' title='bbox 164 3047 179 3070; x_wconf 89' lang='lat'>,</span> <span class='ocrx_word' id='word_1_298' title='bbox 210 3011 298 3060; x_wconf 83' lang='lat' dir='ltr'><em>col.</em></span> <span class='ocrx_word' id='word_1_299' title='bbox 328 3012 418 3063; x_wconf 84' lang='lat'><em>281</em></span> <span class='ocrx_word' id='word_1_300' title='bbox 464 3032 477 3063; x_wconf 70' lang='grc' dir='ltr'><strong><em>ι</em></strong></span> <span class='ocrx_word' id='word_1_301' title='bbox 515 3014 728 3080; x_wconf 79' lang='lat' dir='ltr'><em>Quando</em></span> <span class='ocrx_word' id='word_1_302' title='bbox 765 3033 850 3064; x_wconf 73' lang='lat' dir='ltr'><em>rex</em></span> <span class='ocrx_word' id='word_1_303' title='bbox 878 3013 1086 3065; x_wconf 71' lang='lat' dir='ltr'><em>Messias</em></span> 
     </span>
     <span class='ocr_line' id='line_1_32' title="bbox 77 3091 1089 3162; baseline 0.008 -23"><span class='ocrx_word' id='word_1_304' title='bbox 77 3091 365 3142; x_wconf 82' lang='lat' dir='ltr'><em>revelabitur</em></span> <span class='ocrx_word' id='word_1_305' title='bbox 382 3132 395 3155; x_wconf 89' lang='lat'><strong>‚</strong></span> <span class='ocrx_word' id='word_1_306' title='bbox 456 3105 573 3143; x_wconf 84' lang='lat' dir='ltr'><em>tune</em></span> <span class='ocrx_word' id='word_1_307' title='bbox 611 3112 773 3145; x_wconf 74' lang='lat' dir='ltr'><strong>omnes</strong></span> <span class='ocrx_word' id='word_1_308' title='bbox 814 3107 974 3162; x_wconf 71' lang='lat' dir='ltr'><strong>yentes</strong></span> <span class='ocrx_word' id='word_1_309' title='bbox 1024 3098 1089 3147; x_wconf 84' lang='lat' dir='ltr'><em>ad</em></span> 
     </span>
     <span class='ocr_line' id='line_1_33' title="bbox 79 3171 1089 3244; baseline 0.009 -25"><span class='ocrx_word' id='word_1_310' title='bbox 79 3171 217 3221; x_wconf 84' lang='lat' dir='ltr'><em>illum</em></span> <span class='ocrx_word' id='word_1_311' title='bbox 235 3177 674 3241; x_wconf 54' lang='lat' dir='ltr'><em>eonqreqafflntur,</em></span> <span class='ocrx_word' id='word_1_312' title='bbox 701 3187 757 3226; x_wconf 82' lang='lat' dir='ltr'><em>ut</em></span> <span class='ocrx_word' id='word_1_313' title='bbox 781 3180 1089 3244; x_wconf 81' lang='lat' dir='ltr'><em>confirmetur</em></span> 
     </span>
     <span class='ocr_line' id='line_1_34' title="bbox 82 3253 1090 3324; baseline 0.009 -23"><span class='ocrx_word' id='word_1_314' title='bbox 82 3253 136 3300; x_wconf 81' lang='lat' dir='ltr'><em>id</em></span> <span class='ocrx_word' id='word_1_315' title='bbox 156 3257 280 3318; x_wconf 81' lang='lat' dir='ltr'><em>quod</em></span> <span class='ocrx_word' id='word_1_316' title='bbox 304 3260 535 3323; x_wconf 75' lang='lat' dir='ltr'><em>seriptum</em></span> <span class='ocrx_word' id='word_1_317' title='bbox 554 3268 639 3324; x_wconf 73' lang='lat' dir='ltr'><strong>est,</strong></span> <span class='ocrx_word' id='word_1_318' title='bbox 669 3258 743 3308; x_wconf 74' lang='lat' dir='ltr'><em>Is.</em></span> <span class='ocrx_word' id='word_1_319' title='bbox 759 3278 806 3308; x_wconf 74' lang='grc' dir='ltr'><em>ιι</em></span> <span class='ocrx_word' id='word_1_320' title='bbox 821 3298 835 3322; x_wconf 88' lang='grc'><strong>,</strong></span> <span class='ocrx_word' id='word_1_321' title='bbox 860 3278 918 3310; x_wconf 83' lang='grc' dir='ltr'><em>ιο</em></span> <span class='ocrx_word' id='word_1_322' title='bbox 942 3282 958 3308; x_wconf 87' lang='grc'><em>.·</em></span> <span class='ocrx_word' id='word_1_323' title='bbox 987 3261 1090 3310; x_wconf 70' lang='lat' dir='ltr'><em>Ra-</em></span> 
     </span>
     <span class='ocr_line' id='line_1_35' title="bbox 68 3332 1086 3406; baseline 0.013 -28"><span class='ocrx_word' id='word_1_324' title='bbox 68 3332 236 3383; x_wconf 77' lang='lat' dir='ltr'><em>dieem</em></span> <span class='ocrx_word' id='word_1_325' title='bbox 265 3336 378 3386; x_wconf 74' lang='lat' dir='ltr'><em>Isai</em></span> <span class='ocrx_word' id='word_1_326' title='bbox 404 3348 565 3404; x_wconf 73' lang='lat' dir='ltr'><strong>qentee</strong></span> <span class='ocrx_word' id='word_1_327' title='bbox 597 3350 812 3406; x_wconf 83' lang='lat' dir='ltr'><em>quaerent</em></span> <span class='ocrx_word' id='word_1_328' title='bbox 830 3379 844 3402; x_wconf 88' lang='lat'><strong>‚</strong></span> <span class='ocrx_word' id='word_1_329' title='bbox 873 3353 962 3391; x_wconf 87' lang='lat' dir='ltr'><strong>etc.</strong></span> <span class='ocrx_word' id='word_1_330' title='bbox 985 3341 1086 3391; x_wconf 81' lang='lat' dir='ltr'><em>Alia</em></span> 
     </span>
     <span class='ocr_line' id='line_1_36' title="bbox 85 3418 1087 3488; baseline 0.011 -26"><span class='ocrx_word' id='word_1_331' title='bbox 85 3418 341 3468; x_wconf 79' lang='lat' dir='ltr'><em>testimonia</em></span> <span class='ocrx_word' id='word_1_332' title='bbox 359 3421 443 3469; x_wconf 79' lang='lat' dir='ltr'><em>tibi</em></span> <span class='ocrx_word' id='word_1_333' title='bbox 460 3422 698 3473; x_wconf 83' lang='lat' dir='ltr'><em>exhibebit</em></span> <span class='ocrx_word' id='word_1_334' title='bbox 714 3423 1087 3488; x_wconf 80' lang='lat' dir='ltr'><strong>Schoettgenius,</strong></span> 
     </span>
     <span class='ocr_line' id='line_1_37' title="bbox 88 3499 1088 3572; baseline 0.012 -29"><span class='ocrx_word' id='word_1_335' title='bbox 88 3513 165 3561; x_wconf 86' lang='lat' dir='ltr'><em>op.</em></span> <span class='ocrx_word' id='word_1_336' title='bbox 200 3499 278 3547; x_wconf 86' lang='lat' dir='ltr'><em>cit.</em></span> <span class='ocrx_word' id='word_1_337' title='bbox 302 3499 384 3548; x_wconf 86' lang='lat' dir='ltr'><em>lib.</em></span> <span class='ocrx_word' id='word_1_338' title='bbox 417 3519 480 3550; x_wconf 86' lang='lat' dir='ltr'><em>vn</em></span> <span class='ocrx_word' id='word_1_339' title='bbox 497 3540 511 3564; x_wconf 87' lang='lat'>‚</span> <span class='ocrx_word' id='word_1_340' title='bbox 538 3520 642 3569; x_wconf 85' lang='lat' dir='ltr'><em>cap.</em></span> <span class='ocrx_word' id='word_1_341' title='bbox 673 3521 692 3552; x_wconf 87' lang='lat'>1</span> <span class='ocrx_word' id='word_1_342' title='bbox 715 3539 731 3566; x_wconf 87' lang='lat'><strong>,</strong></span> <span class='ocrx_word' id='word_1_343' title='bbox 761 3503 870 3570; x_wconf 76' lang='lat'><em>§26</em></span> <span class='ocrx_word' id='word_1_344' title='bbox 890 3515 934 3554; x_wconf 90' lang='lat' dir='ltr'><strong>et</strong></span> <span class='ocrx_word' id='word_1_345' title='bbox 954 3522 1088 3572; x_wconf 83' lang='lat' dir='ltr'><strong>seqq.</strong></span> 
     </span>
     <span class='ocr_line' id='line_1_38' title="bbox 88 3579 1090 3651; baseline 0.012 -27"><span class='ocrx_word' id='word_1_346' title='bbox 88 3593 144 3625; x_wconf 87' lang='lat' dir='ltr'><strong>ex</strong></span> <span class='ocrx_word' id='word_1_347' title='bbox 186 3579 355 3643; x_wconf 82' lang='lat' dir='ltr'><em>quibus</em></span> <span class='ocrx_word' id='word_1_348' title='bbox 381 3583 642 3634; x_wconf 81' lang='lat' dir='ltr'><strong>luculenter</strong></span> <span class='ocrx_word' id='word_1_349' title='bbox 673 3596 826 3651; x_wconf 83' lang='lat' dir='ltr'><strong>patet,</strong></span> <span class='ocrx_word' id='word_1_350' title='bbox 861 3587 1090 3636; x_wconf 84' lang='lat' dir='ltr'><strong>veteribus</strong></span> 
     </span>
     <span class='ocr_line' id='line_1_39' title="bbox 87 3656 1090 3719; baseline 0.014 -13"><span class='ocrx_word' id='word_1_351' title='bbox 87 3656 117 3706; x_wconf 87' lang='lat' dir='ltr'><strong>J</strong></span> <span class='ocrx_word' id='word_1_352' title='bbox 120 3659 180 3708; x_wconf 89' lang='lat' dir='ltr'><em>ud</em></span> <span class='ocrx_word' id='word_1_353' title='bbox 185 3661 260 3709; x_wconf 80' lang='lat' dir='ltr'><em>aeis</em></span> <span class='ocrx_word' id='word_1_354' title='bbox 268 3661 388 3712; x_wconf 81' lang='lat' dir='ltr'><strong>hano</strong></span> <span class='ocrx_word' id='word_1_355' title='bbox 399 3664 627 3717; x_wconf 74' lang='lat' dir='ltr'><em>inhaeeisse</em></span> <span class='ocrx_word' id='word_1_356' title='bbox 634 3683 933 3719; x_wconf 85' lang='lat' dir='ltr'><em>communem</em></span> <span class='ocrx_word' id='word_1_357' title='bbox 946 3668 1090 3719; x_wconf 88' lang='lat' dir='ltr'><strong>fidem</strong></span> 
     </span>
    </p>
   </div>
   <div class='ocr_carea' id='block_1_9' title="bbox 1159 2450 2202 3167">
    <p class='ocr_par' dir='ltr' id='par_1_10' title="bbox 1159 2450 2174 2759">
     <span class='ocr_line' id='line_1_40' title="bbox 1160 2450 2174 2522; baseline 0.01 -24"><span class='ocrx_word' id='word_1_358' title='bbox 1160 2450 1218 2499; x_wconf 87' lang='lat' dir='ltr'><strong>de</strong></span> <span class='ocrx_word' id='word_1_359' title='bbox 1237 2454 1474 2503; x_wconf 82' lang='lat' dir='ltr'><strong>vocatione</strong></span> <span class='ocrx_word' id='word_1_360' title='bbox 1502 2456 1711 2519; x_wconf 82' lang='lat' dir='ltr'><em>gentium</em></span> <span class='ocrx_word' id='word_1_361' title='bbox 1739 2455 1797 2503; x_wconf 84' lang='lat' dir='ltr'><em>ad</em></span> <span class='ocrx_word' id='word_1_362' title='bbox 1827 2458 1921 2505; x_wconf 84' lang='lat' dir='ltr'><em>veri</em></span> <span class='ocrx_word' id='word_1_363' title='bbox 1947 2456 2035 2507; x_wconf 90' lang='lat' dir='ltr'><em>Dei</em></span> <span class='ocrx_word' id='word_1_364' title='bbox 2064 2475 2174 2522; x_wconf 84' lang='lat' dir='ltr'><strong>cog-</strong></span> 
     </span>
     <span class='ocr_line' id='line_1_41' title="bbox 1159 2532 2174 2597; baseline 0.011 -20"><span class='ocrx_word' id='word_1_365' title='bbox 1159 2532 1382 2581; x_wconf 79' lang='lat' dir='ltr'><em>nitionem</em></span> <span class='ocrx_word' id='word_1_366' title='bbox 1415 2550 1495 2597; x_wconf 84' lang='lat' dir='ltr'><strong>per</strong></span> <span class='ocrx_word' id='word_1_367' title='bbox 1522 2534 1755 2585; x_wconf 70' lang='lat' dir='ltr'><em>Messinm.</em></span> <span class='ocrx_word' id='word_1_368' title='bbox 1785 2535 1886 2586; x_wconf 81' lang='lat' dir='ltr'><strong>cfr.</strong></span> <span class='ocrx_word' id='word_1_369' title='bbox 1917 2540 2056 2586; x_wconf 84' lang='lat' dir='ltr'><em>etiam</em></span> <span class='ocrx_word' id='word_1_370' title='bbox 2085 2539 2174 2588; x_wconf 93' lang='lat' dir='ltr'><strong>Pe-</strong></span> 
     </span>
     <span class='ocr_line' id='line_1_42' title="bbox 1161 2611 2171 2686; baseline 0.008 -26"><span class='ocrx_word' id='word_1_371' title='bbox 1161 2616 1330 2676; x_wconf 77' lang='lat' dir='ltr'><em>tavius,</em></span> <span class='ocrx_word' id='word_1_372' title='bbox 1353 2612 1434 2662; x_wconf 88' lang='lat' dir='ltr'><strong>De</strong></span> <span class='ocrx_word' id='word_1_373' title='bbox 1449 2611 1706 2665; x_wconf 82' lang='lat' dir='ltr'><em>Inearnat.</em></span> <span class='ocrx_word' id='word_1_374' title='bbox 1725 2616 1811 2666; x_wconf 88' lang='lat' dir='ltr'><em>lib.</em></span> <span class='ocrx_word' id='word_1_375' title='bbox 1832 2635 1912 2668; x_wconf 77' lang='lat' dir='ltr'><em>xvx</em></span> <span class='ocrx_word' id='word_1_376' title='bbox 1929 2656 1944 2679; x_wconf 88' lang='lat'>‚</span> <span class='ocrx_word' id='word_1_377' title='bbox 1965 2637 2072 2686; x_wconf 81' lang='lat' dir='ltr'><em>cap.</em></span> <span class='ocrx_word' id='word_1_378' title='bbox 2102 2617 2137 2668; x_wconf 87' lang='lat'>8</span> <span class='ocrx_word' id='word_1_379' title='bbox 2155 2657 2171 2682; x_wconf 92' lang='lat'><strong>,</strong></span> 
     </span>
     <span class='ocr_line' id='line_1_43' title="bbox 1162 2691 1268 2759; baseline 0.019 -19"><span class='ocrx_word' id='word_1_380' title='bbox 1162 2691 1188 2759; x_wconf 78' lang='lat'>§</span> <span class='ocrx_word' id='word_1_381' title='bbox 1218 2693 1268 2742; x_wconf 83' lang='lat'><em>3.</em></span> 
     </span>
    </p>

    <p class='ocr_par' dir='ltr' id='par_1_11' title="bbox 1164 2775 2202 3167">
     <span class='ocr_line' id='line_1_44' title="bbox 1234 2775 2177 2847; baseline 0.01 -24"><span class='ocrx_word' id='word_1_382' title='bbox 1234 2775 1301 2840; x_wconf 69' lang='lat'><em>(2)</em></span> <span class='ocrx_word' id='word_1_383' title='bbox 1339 2775 1449 2826; x_wconf 85' lang='lat' dir='ltr'><em>Vid.</em></span> <span class='ocrx_word' id='word_1_384' title='bbox 1493 2780 1544 2826; x_wconf 88' lang='lat' dir='ltr'><em>in</em></span> <span class='ocrx_word' id='word_1_385' title='bbox 1585 2779 1707 2828; x_wconf 84' lang='lat' dir='ltr'><strong>hano</strong></span> <span class='ocrx_word' id='word_1_386' title='bbox 1752 2797 1912 2830; x_wconf 83' lang='lat' dir='ltr'><strong>vocem</strong></span> <span class='ocrx_word' id='word_1_387' title='bbox 1960 2781 2177 2847; x_wconf 83' lang='lat' dir='ltr'><strong>pulchras</strong></span> 
     </span>
     <span class='ocr_line' id='line_1_45' title="bbox 1164 2856 2178 2932; baseline 0.008 -27"><span class='ocrx_word' id='word_1_388' title='bbox 1164 2856 1500 2908; x_wconf 79' lang='lat' dir='ltr'><strong>observationes</strong></span> <span class='ocrx_word' id='word_1_389' title='bbox 1529 2859 1581 2908; x_wconf 91' lang='lat' dir='ltr'><em>P.</em></span> <span class='ocrx_word' id='word_1_390' title='bbox 1611 2860 1818 2912; x_wconf 84' lang='lat' dir='ltr'><strong>Berthier</strong></span> <span class='ocrx_word' id='word_1_391' title='bbox 1841 2862 1890 2911; x_wconf 87' lang='lat' dir='ltr'><em>S.</em></span> <span class='ocrx_word' id='word_1_392' title='bbox 1917 2862 1967 2913; x_wconf 88' lang='lat' dir='ltr'><em>J.</em></span> <span class='ocrx_word' id='word_1_393' title='bbox 1994 2863 2178 2932; x_wconf 63' lang='lat' dir='ltr'><em>Empli-</em></span> 
     </span>
     <span class='ocr_line' id='line_1_46' title="bbox 1164 2940 2179 3011; baseline 0.01 -26"><span class='ocrx_word' id='word_1_394' title='bbox 1164 2940 1325 2986; x_wconf 73' lang='lat' dir='ltr'><em>oetion</em></span> <span class='ocrx_word' id='word_1_395' title='bbox 1366 2940 1448 2989; x_wconf 76' lang='lat' dir='ltr'><strong>des</strong></span> <span class='ocrx_word' id='word_1_396' title='bbox 1474 2958 1719 3007; x_wconf 75' lang='lat' dir='ltr'><em>psaumes.</em></span> <span class='ocrx_word' id='word_1_397' title='bbox 1765 2943 1947 3010; x_wconf 70' lang='lat' dir='ltr'><em>Frigida</em></span> <span class='ocrx_word' id='word_1_398' title='bbox 1992 2963 2179 3011; x_wconf 74' lang='lat' dir='ltr'><strong>prorsus</strong></span> 
     </span>
     <span class='ocr_line' id='line_1_47' title="bbox 1165 3020 2202 3090; baseline 0.008 -22"><span class='ocrx_word' id='word_1_399' title='bbox 1165 3020 1512 3082; x_wconf 81' lang='lat' dir='ltr'><strong>Rosenmiiller‚</strong></span> <span class='ocrx_word' id='word_1_400' title='bbox 1545 3023 1701 3073; x_wconf 76' lang='lat' dir='ltr'><em>Sobel.</em></span> <span class='ocrx_word' id='word_1_401' title='bbox 1734 3026 1791 3073; x_wconf 83' lang='lat' dir='ltr'><em>in</em></span> <span class='ocrx_word' id='word_1_402' title='bbox 1834 3023 1920 3073; x_wconf 72' lang='lat' dir='ltr'><em>Ps.</em></span> <span class='ocrx_word' id='word_1_403' title='bbox 1953 3043 2058 3074; x_wconf 82' lang='lat' dir='ltr'><em>xxn</em></span> <span class='ocrx_word' id='word_1_404' title='bbox 2095 3028 2112 3090; x_wconf 87' lang='lat'>(</span> <span class='ocrx_word' id='word_1_405' title='bbox 2127 3030 2202 3076; x_wconf 23' lang='lat' dir='ltr'><em>inv</em></span> 
     </span>
     <span class='ocr_line' id='line_1_48' title="bbox 1173 3096 2177 3167; baseline 0.005 -15"><span class='ocrx_word' id='word_1_406' title='bbox 1173 3101 1372 3167; x_wconf 81' lang='lat' dir='ltr'><strong>Vulgata</strong></span> <span class='ocrx_word' id='word_1_407' title='bbox 1411 3104 1534 3166; x_wconf 85' lang='lat' dir='ltr'>xx1)</span> <span class='ocrx_word' id='word_1_408' title='bbox 1566 3123 1615 3154; x_wconf 81' lang='lat' dir='ltr'><em>v.</em></span> <span class='ocrx_word' id='word_1_409' title='bbox 1645 3102 1741 3166; x_wconf 84' lang='lat'><em>28,</em></span> <span class='ocrx_word' id='word_1_410' title='bbox 1763 3096 1935 3155; x_wconf 55' lang='lat' dir='ltr'><em>&#39;scribit</em></span> <span class='ocrx_word' id='word_1_411' title='bbox 1968 3124 1983 3156; x_wconf 75' lang='grc' dir='ltr'><strong><em>ε</em></strong></span> <span class='ocrx_word' id='word_1_412' title='bbox 2020 3110 2177 3165; x_wconf 60' lang='grc' dir='ltr'><em>ἿἾΞῬ</em></span> 
     </span>
    </p>
   </div>
   <div class='ocr_carea' id='block_1_10' title="bbox 1169 3233 2181 3628">
    <p class='ocr_par' dir='ltr' id='par_1_12' title="bbox 1169 3233 2181 3628">
     <span class='ocr_line' id='line_1_49' title="bbox 1172 3233 2181 3301; baseline 0.006 -21"><span class='ocrx_word' id='word_1_413' title='bbox 1172 3233 1413 3281; x_wconf 74' lang='grc' dir='ltr'><em>Μθηισνεε</em></span> <span class='ocrx_word' id='word_1_414' title='bbox 1437 3241 1579 3282; x_wconf 81' lang='lat' dir='ltr'><em>erunt</em></span> <span class='ocrx_word' id='word_1_415' title='bbox 1606 3250 1768 3282; x_wconf 85' lang='lat' dir='ltr'><em>eorum</em></span> <span class='ocrx_word' id='word_1_416' title='bbox 1785 3270 1800 3297; x_wconf 88' lang='lat'>,</span> <span class='ocrx_word' id='word_1_417' title='bbox 1826 3252 1930 3300; x_wconf 78' lang='lat' dir='ltr'><em>quoe</em></span> <span class='ocrx_word' id='word_1_418' title='bbox 1946 3236 2099 3301; x_wconf 79' lang='lat' dir='ltr'><em>fando</em></span> <span class='ocrx_word' id='word_1_419' title='bbox 2122 3237 2181 3286; x_wconf 83' lang='lat' dir='ltr'><strong>de</strong></span> 
     </span>
     <span class='ocr_line' id='line_1_50' title="bbox 1169 3313 2181 3382; baseline 0.005 -20"><span class='ocrx_word' id='word_1_420' title='bbox 1169 3313 1292 3363; x_wconf 84' lang='lat' dir='ltr'><em>Jova</em></span> <span class='ocrx_word' id='word_1_421' title='bbox 1307 3323 1617 3380; x_wconf 82' lang='lat' dir='ltr'><strong>aeceperunt,</strong></span> <span class='ocrx_word' id='word_1_422' title='bbox 1636 3315 1701 3364; x_wconf 86' lang='lat' dir='ltr'><em>ad</em></span> <span class='ocrx_word' id='word_1_423' title='bbox 1723 3317 1884 3382; x_wconf 72' lang='lat' dir='ltr'><em>ipsum</em></span> <span class='ocrx_word' id='word_1_424' title='bbox 1908 3334 2181 3367; x_wconf 71' lang='lat' dir='ltr'><strong>eeeonver-</strong></span> 
     </span>
     <span class='ocr_line' id='line_1_51' title="bbox 1169 3398 2181 3462; baseline 0.005 -17"><span class='ocrx_word' id='word_1_425' title='bbox 1169 3405 1267 3446; x_wconf 78' lang='lat' dir='ltr'><em>tent</em></span> <span class='ocrx_word' id='word_1_426' title='bbox 1279 3430 1296 3458; x_wconf 92' lang='lat'><em>,</em></span> <span class='ocrx_word' id='word_1_427' title='bbox 1316 3398 1566 3462; x_wconf 77' lang='lat' dir='ltr'><em>ipsumque</em></span> <span class='ocrx_word' id='word_1_428' title='bbox 1578 3398 1774 3447; x_wconf 77' lang='lat' dir='ltr'><em>venient</em></span> <span class='ocrx_word' id='word_1_429' title='bbox 1786 3398 2057 3449; x_wconf 78' lang='lat' dir='ltr'><em>adoratum.</em></span> <span class='ocrx_word' id='word_1_430' title='bbox 2082 3399 2125 3446; x_wconf 92' lang='lat' dir='ltr'>N</span> <span class='ocrx_word' id='word_1_431' title='bbox 2128 3417 2181 3450; x_wconf 86' lang='lat' dir='ltr'><strong>eo</strong></span> 
     </span>
     <span class='ocr_line' id='line_1_52' title="bbox 1171 3479 2179 3547; baseline 0.006 -21"><span class='ocrx_word' id='word_1_432' title='bbox 1171 3480 1377 3540; x_wconf 83' lang='lat' dir='ltr'><em>mirum3</em></span> <span class='ocrx_word' id='word_1_433' title='bbox 1403 3479 1645 3545; x_wconf 69' lang='lat' dir='ltr'><em>judaizans</em></span> <span class='ocrx_word' id='word_1_434' title='bbox 1665 3482 1790 3529; x_wconf 90' lang='lat' dir='ltr'><em>enim</em></span> <span class='ocrx_word' id='word_1_435' title='bbox 1817 3481 1896 3529; x_wconf 88' lang='lat' dir='ltr'><em>hic</em></span> <span class='ocrx_word' id='word_1_436' title='bbox 1923 3483 2147 3547; x_wconf 76' lang='lat' dir='ltr'><strong>interpres</strong></span> <span class='ocrx_word' id='word_1_437' title='bbox 2163 3518 2179 3544; x_wconf 91' lang='lat'>‚</span> 
     </span>
     <span class='ocr_line' id='line_1_53' title="bbox 1170 3564 2181 3628; baseline 0.004 -19"><span class='ocrx_word' id='word_1_438' title='bbox 1170 3571 1329 3609; x_wconf 83' lang='lat' dir='ltr'><strong>contra</strong></span> <span class='ocrx_word' id='word_1_439' title='bbox 1343 3567 1529 3610; x_wconf 80' lang='lat' dir='ltr'><strong>sensum</strong></span> <span class='ocrx_word' id='word_1_440' title='bbox 1541 3564 1679 3611; x_wconf 79' lang='lat' dir='ltr'><em>totius</em></span> <span class='ocrx_word' id='word_1_441' title='bbox 1691 3564 1976 3628; x_wconf 81' lang='lat' dir='ltr'><em>antiquitatis</em></span> <span class='ocrx_word' id='word_1_442' title='bbox 1990 3599 2004 3624; x_wconf 89' lang='lat'>‚</span> <span class='ocrx_word' id='word_1_443' title='bbox 2020 3573 2181 3614; x_wconf 80' lang='lat' dir='ltr'><strong>eontra</strong></span> 
     </span>
    </p>
   </div>
   <div class='ocr_carea' id='block_1_11' title="bbox 1160 3633 2180 3712">
    <p class='ocr_par' dir='ltr' id='par_1_13' title="bbox 1160 3633 2180 3712">
     <span class='ocr_line' id='line_1_54' title="bbox 1160 3633 2180 3712; baseline 0.005 -22"><span class='ocrx_word' id='word_1_444' title='bbox 1160 3633 1379 3707; x_wconf 55' lang='lat' dir='ltr'><strong>&#39;apertam</strong></span> <span class='ocrx_word' id='word_1_445' title='bbox 1407 3640 1470 3692; x_wconf 91' lang='lat' dir='ltr'><em>N.</em></span> <span class='ocrx_word' id='word_1_446' title='bbox 1493 3641 1548 3690; x_wconf 93' lang='lat' dir='ltr'><em>T.</em></span> <span class='ocrx_word' id='word_1_447' title='bbox 1583 3645 1902 3694; x_wconf 81' lang='lat' dir='ltr'><strong>auctoritatem</strong></span> <span class='ocrx_word' id='word_1_448' title='bbox 1930 3655 2099 3712; x_wconf 79' lang='lat' dir='ltr'><strong>negat,</strong></span> <span class='ocrx_word' id='word_1_449' title='bbox 2128 3647 2180 3695; x_wconf 86' lang='lat' dir='ltr'><em>in</em></span> 
     </span>
    </p>
   </div>
   <div class='ocr_carea' id='block_1_12' title="bbox 1170 3722 1879 3790">
    <p class='ocr_par' dir='ltr' id='par_1_14' title="bbox 1170 3722 1879 3790">
     <span class='ocr_line' id='line_1_55' title="bbox 1170 3722 1879 3790; baseline 0.007 -19"><span class='ocrx_word' id='word_1_450' title='bbox 1170 3723 1261 3772; x_wconf 85' lang='lat' dir='ltr'><em>hoc</em></span> <span class='ocrx_word' id='word_1_451' title='bbox 1290 3724 1466 3789; x_wconf 83' lang='lat' dir='ltr'><strong>psalmo</strong></span> <span class='ocrx_word' id='word_1_452' title='bbox 1495 3726 1565 3790; x_wconf 85' lang='lat' dir='ltr'><em>agi</em></span> <span class='ocrx_word' id='word_1_453' title='bbox 1589 3722 1652 3776; x_wconf 88' lang='lat' dir='ltr'><strong>de</strong></span> <span class='ocrx_word' id='word_1_454' title='bbox 1675 3724 1879 3776; x_wconf 81' lang='lat' dir='ltr'><em>Christo.</em></span> 
     </span>
    </p>
   </div>
  </div>
 </body>
</html>
