2534 4088
294 134 408 194 134
945 154 1138 192 Tnacr.
1184 152 1252 187 nn
1296 152 1734 190 chanArionE.

1178 331 1422 392 CAPUT
1472 335 1517 392 1.

924 518 994 556 DE
1036 516 1240 558 DIVINA
1282 517 1502 556 CHRISTI
1545 515 1791 558 NATURA.

370 702 508 762 220.
538 701 769 761 Directe
785 701 1088 783 impetunt
1108 700 1376 760 divinam
1403 699 1622 759 Christi
1645 711 1924 760 naturam
1953 703 2242 762 Sociniani
2265 750 2280 780 .‚
2305 702 2430 764 hae-

289 799 465 859 resim
495 808 847 858 renovantes
865 797 1093 876 jamdiu
1128 798 1440 878 protritam
1476 797 1968 856 photinianorum
1990 844 2005 873 ,
2038 799 2200 859 Pauli
2225 803 2431 860 Samo-

291 895 479 954 sateni
517 894 884 976 aliorumque
914 893 1318 952 obscuriorum
1362 894 1742 952 sectariorum
1776 893 1886 974 (1).
1931 895 2263 956 Socinianos
2298 918 2433 956 cum

295 990 410 1050 suis
441 989 686 1049 surculis
715 990 981 1073 plerique
1004 991 1404 1049 Protestantes
1427 990 1782 1049 recentiores
1816 1001 2147 1072 sequuntur
2165 1037 2180 1066 7
2204 1013 2276 1051 ex
2301 993 2436 1074 qui-

288 1086 400 1146 bus
435 1088 547 1145 orti
591 1097 731 1144 sunt
770 1085 1146 1146 rationalistae
1187 1131 1203 1160 ,
1247 1086 1350 1168 qui
1389 1085 1694 1168 impietate
1733 1109 1938 1146 omnes
1986 1085 2435 1168 praedecessores

290 1184 591 1243 haereticos
629 1182 796 1242 facile
825 1194 1137 1264 superant.
1171 1183 1252 1241 ita
1283 1193 1350 1241 ut
1378 1203 1514 1242 cum
1535 1183 1675 1265 ipsis
1705 1184 1807 1244 vix
1832 1183 2159 1265 comparari
2183 1183 2432 1262 possint.

290 1281 375 1339 Ex
406 1280 653 1338 istorum
692 1300 867 1338 sensu
912 1290 972 1338 et
1003 1279 1296 1338 sententia
1334 1278 1598 1338 Christus
1644 1278 1898 1339 conferri
1929 1278 2107 1339 debet
2145 1301 2281 1338 cum
2323 1281 2440 1360 Py-

290 1376 533 1457 thagora
566 1421 582 1451 ,
611 1376 868 1451 Socrate,
902 1375 1176 1450 Platone,
1208 1377 1448 1435 Zenone
1468 1421 1484 1447 ,
1509 1376 1726 1435 Seneca
1748 1422 1764 1451 a
1796 1376 1990 1435 Marco
2020 1374 2250 1435 Aurelio
2281 1374 2440 1434 aliis-

300 1494 414 1555 que
442 1473 811 1555 antiquitatis
850 1473 1213 1556 philosophis
1241 1473 1438 1554 graecis
1468 1484 1650 1555 atque
1682 1471 1877 1532 latinis
1907 1520 1924 1549 7
1970 1482 2072 1531 aut
2099 1472 2277 1531 etiam
2305 1494 2441 1541 cum

299 1568 681 1629 orientalibus
702 1615 718 1644 ‚
747 1571 1054 1629 Zoroastro
1074 1616 1089 1645 7
1112 1570 1389 1629 Confucio
1407 1558 1586 1652 atque
1616 1568 1950 1630 Mahomete
1980 1614 1996 1643 ,
2024 1590 2169 1650 quos
2194 1614 2210 1643 ,
2235 1579 2304 1626 ut
2329 1568 2443 1649 ipsi

294 1676 640 1737 autumant,
666 1667 820 1724 Deus
850 1667 1124 1727 excitavit
1143 1712 1159 1741 .‚
1199 1677 1263 1725 ut
1292 1666 1462 1725 dictis
1488 1665 1775 1748 factisque
1810 1663 2125 1748 populares
2150 1686 2282 1724 suos
2307 1664 2445 1724 edo-

296 1771 498 1819 cerent
523 1805 539 1836 ,
571 1759 668 1822 vel
697 1762 873 1822 etiam
899 1762 1179 1822 institutis
1203 1762 1453 1845 politicis
1477 1773 1538 1822 et
1563 1762 1843 1842 religiosis
1869 1761 1944 1821 ad
1960 1772 2234 1844 ,posteros
2258 1772 2446 1821 trans-

294 1856 485 1915 missis
524 1878 556 1915 a
591 1857 747 1917 vitiis
798 1859 1116 1941 pravisque
1160 1858 1423 1918 moribus
1459 1869 1732 1918 arcerent
1776 1858 1887 1938 (2).
1930 1858 2155 1917 Nervos
2195 1856 2446 1938 proinde

300 1973 505 2011 omnes
531 1954 592 2010 in
608 1952 720 2012 hoc
741 1955 1038 2036 praecipuo
1062 1953 1395 2013 christianae
1414 1974 1517 2013 seu
1541 1952 1843 2012 catholicae
1867 1951 2158 2031 religionis
2173 1952 2447 2032 dogmate

300 2047 658 2108 adstruendo
699 2049 1013 2109 intendere
1042 2048 1349 2109 debemus·

380 2144 523 2203 221.
573 2146 770 2218 Quum
804 2167 944 2205 vero
973 2147 1113 2204 satis
1148 2144 1376 2227 prolixe
1407 2145 1697 2225 egerimus
1727 2143 1801 2204 de
1834 2144 2146 2205 divinitate
2175 2140 2352 2204 Verbi
2382 2143 2447 2203 in

303 2241 496 2300 Tract.
528 2240 602 2302 de
620 2242 904 2300 Trinitate
928 2240 1206 2301 adversus
1239 2243 1479 2300 Arianos
1503 2286 1518 2315 a
1537 2240 1648 2300 hoc
1672 2242 1801 2322 ipso
1824 2239 2216 2316 ostendimus,
2237 2238 2450 2300 saltem

300 2335 588 2397 indirecte
608 2383 624 2412 ,
660 2336 1030 2399 divinitatem
1064 2337 1281 2396 Christi
1307 2384 1321 2412 a
1351 2357 1482 2419 quae
1509 2335 1582 2395 ab
1611 2336 1710 2395 illa
1738 2331 1983 2418 pendet.
2016 2338 2095 2396 Ut
2120 2336 2297 2417 igitur
2326 2357 2451 2396 om-

301 2453 408 2492 nes
443 2431 822 2516 probationes
850 2433 990 2493 illuc
1023 2432 1338 2516 productas
1369 2454 1504 2493 cum
1537 2454 1607 2493 ex
1634 2434 1930 2516 Scriptura
1951 2479 1968 2509 7
2001 2444 2132 2492 tum
2166 2454 2239 2492 ex
2273 2454 2450 2492 cons·
2492 2507 2503 2518 .

375 2649 444 2715 (1)
480 2649 577 2700 cfr.
593 2651 809 2701 Petavius
823 2689 838 2714 ‚
861 2653 919 2701 de
939 2651 1149 2702 Incarn.
1174 2670 1278 2719 cap.
1297 2668 1334 2700 11
1417 2653 1711 2717 tiquissimis
1725 2651 2045 2717 reliqionibns
2064 2650 2303 2701 Orientis.
2320 2652 2447 2719 Lips-

305 2743 351 2782 et
381 2734 429 2782 3.
444 2732 513 2782 Ex
534 2750 677 2782 censu
696 2744 852 2784 tamen
870 2735 1193 2784 haereticorum
1215 2773 1228 2795 ,
1251 2737 1334 2801 qui
1425 2733 1569 2802 1819,
1608 2745 1653 2783 et
1680 2733 1838 2783 Carol.
1859 2734 1978 2784 Hase
1993 2771 2007 2796 ‚
2037 2735 2233 2801 profess.
2253 2735 2448 2786 Jenens.

302 2815 500 2864 inficiati
534 2825 645 2864 sunt
680 2815 831 2864 divini
864 2816 1006 2866 Verbi
1044 2817 1330 2866 incarnatio·
1416 2819 1498 2883 qui
1533 2819 1584 2864 in
1614 2834 1696 2882 op.
1734 2816 1847 2865 Das
1878 2816 2044 2866 Leben
2065 2816 2217 2880 Jesn,
2253 2829 2343 2868 etc.
2369 2836 2450 2868 seu

310 2916 423 2947 nem
451 2901 589 2965 juxta
611 2898 855 2948 Petavium
874 2937 887 2960 ,
916 2899 1212 2948 subducendi
1233 2911 1342 2950 sunt
1429 2897 1551 2947 Vita
1575 2897 1714 2949 Jesu.
1743 2900 1871 2966 Lips.
1899 2897 2048 2968 1829.
2079 2901 2240 2950 scribit
2265 2919 2281 2949 ε
2303 2901 2452 2949 Jesus

315 2980 523 3031 Nazaraei
545 3019 559 3042 ‚
610 2992 752 3048 prout
785 2981 1073 3032 ostendimus
1112 2985 1164 3031 in
1203 2993 1337 3033 tract.
1425 2981 1562 3030 homo
1576 2980 1682 3031 Dei
1698 3019 1711 3044 ,
1732 3000 1830 3031 non
1842 3000 1938 3050 per
1962 2982 2237 3031 mirabilem
2262 2983 2452 3031 divinoe

306 3061 390 3110 De
429 3061 528 3112 SS.
570 3064 763 3115 Trinit.
789 3082 926 3114 num.
962 3062 1061 3114 218
1087 3075 1132 3114 et
1157 3082 1292 3133 seqq.
1425 3066 1479 3112 in
1504 3064 1775 3114 humanam
1794 3074 2025 3114 naturam
2046 3067 2345 3131 inqressnm,
2370 3064 2455 3114 sed

380 3145 445 3210 (2)
482 3146 550 3195 Ita
568 3158 726 3214 aperte
743 3147 1092 3214 Wegscheider‚
1115 3145 1142 3214 ὃ
1166 3165 1275 3211 120,
1295 3166 1340 3198 a.
1417 3165 1512 3213 per
1530 3149 1794 3214 perfectam
1825 3148 2058 3197 humanoe
2086 3156 2279 3197 naturoe
2295 3149 2453 3197 erudi-

316 3226 415 3277 Nec
442 3228 576 3278 aliter
600 3233 737 3279 sentit
757 3230 882 3281 Baur
897 3269 910 3292 ‚
930 3241 982 3280 ut
1006 3241 1133 3297 patet
1163 3249 1217 3280 ex
1243 3235 1344 3298 ejus
1428 3232 1634 3291 tionem,
1655 3234 1833 3298 quippe
1847 3248 1955 3296 quoe
1971 3231 2212 3280 hominem
2229 3232 2454 3280 divinum

320 3321 567 3375 systemate
592 3348 606 3370 ‚
646 3313 704 3361 de
743 3331 836 3379 quo
869 3315 1074 3363 diximus
1112 3315 1162 3361 in
1207 3324 1340 3363 tract.
1427 3312 1658 3362 reddidit.
1689 3313 1836 3362 Jesns
1858 3315 2019 3379 itaque
2047 3313 2151 3363 Dei
2175 3315 2348 3364 Filius
2364 3331 2457 3382 per

313 3390 387 3440 De
406 3392 514 3442 Deo
539 3403 767 3455 creatore,
790 3406 912 3460 part.
945 3414 1000 3444 m
1020 3434 1032 3455 ‚
1055 3414 1192 3445 num.
1224 3394 1344 3462 491,
1431 3395 1723 3461 apotheosim
1748 3434 1761 3455 ‚
1793 3413 1894 3444 non
1918 3414 2010 3463 per
2039 3393 2450 3446 incarnationem.

313 3487 409 3523 not.
436 3493 452 3523 ι
469 3513 481 3526 .
501 3476 581 3525 Sic
610 3480 776 3543 pariter
804 3476 990 3527 Richter
1006 3518 1019 3541 ,
1045 3479 1153 3527 Das
1174 3478 1345 3527 Chris-
1433 3477 1615 3526 Deinde
1637 3479 1796 3527 subdit
1817 3479 1994 3527 nullam
2014 3480 2249 3528 Christum
2270 3481 2456 3529 duxisse

319 3559 534 3606 tenthum
566 3577 612 3609 v.
640 3561 690 3609 d.
727 3558 923 3608 altesten
944 3561 1230 3627 Reliqionen
1267 3561 1348 3609 des
1433 3577 1656 3622 uxorem,
1677 3558 1803 3625 quod
1822 3562 2000 3611 nullam
2020 3566 2248 3612 invenerit
2264 3564 2453 3627 dignam

329 3639 554 3705 Orionis,
579 3661 661 3692 seu
689 3661 701 3692 :
730 3641 1143 3693 Christianismus
1171 3661 1229 3693 ea:
1256 3661 1348 3693 an·
1432 3660 1493 3693 se.
1527 3643 1594 3693 Ita
1623 3645 1978 3710 progrediuntur
2009 3645 2341 3696 Protestantes.
