2534 4088
310 241 469 278 PART.
497 241 536 277 1.
562 236 678 276 CAP.
726 238 790 272 11.
835 236 904 273 DE
946 234 1096 272 Broc.
1144 235 1209 271 ET
1253 231 1426 270 OFFlC.
1471 231 1635 270 PROM.
1684 230 1910 267 nnsslAE.
2082 208 2155 267 47

74 385 131 440 in
154 380 456 463 hypothesi
479 422 496 454 ‚
518 377 674 459 quod
709 358 946 434 nomine
974 378 1192 453 sceptri
1225 373 1572 452 significetur
1604 367 1807 449 regalis
1845 368 2156 443 successim

74 487 325 535 ceterum
352 472 586 532 inferius
611 468 982 530 ostendemus
1006 468 1173 547 longe
1204 465 1568 527 verisimilius
1595 485 1701 547 per
1722 473 2015 545 sceptrum
2039 472 2161 523 non

76 568 357 649 designari
379 567 488 624 nisi
522 585 851 646 supremam
887 573 1234 645 potestatem
1262 581 1327 619 ac
1354 560 1531 618 totius
1554 558 1797 637 judaicae
1833 558 2019 638 gentis
2052 557 2163 617 col-

75 665 380 724 lectionem
399 706 415 731 .,
443 681 557 741 quo
587 680 757 718 sensu
779 679 886 717 nec
911 656 1256 739 captivitatis
1278 652 1632 733 babylonicae
1657 651 1894 734 periodo
1923 652 2163 711 omnino

77 777 318 818 cessasse
348 764 695 837 potestatem
719 753 887 811 istam
920 760 1280 832 compertum
1314 749 1434 806 fiet.

156 851 251 910 86.
296 849 384 908 Ad
407 848 511 922 311²,
534 848 681 927 Ney.
714 847 859 905 Cum
885 847 1040 906 enim
1060 889 1077 919 ‚
1106 847 1273 920 juxta
1301 840 1452 900 dicta
1473 885 1490 913 .‚
1527 838 1600 899 de
1635 839 1782 898 facto
1826 852 2029 920 agatur
2056 887 2072 916 ,
2106 853 2166 902 et

77 967 211 1007 vere
248 955 470 1004 constet
496 941 855 1001 Palaestinam
876 945 1000 1017 jam
1026 936 1098 996 ab
1123 934 1440 996 octodecim
1466 935 1647 994 ferme
1681 934 1884 994 seculis
1924 957 2167 998 vacuam

78 1039 292 1099 Judaeis
328 1059 482 1113 esse,
521 1033 803 1116 quidquid
830 1029 1010 1091 sit‘de
1051 1030 1323 1112 praesenti
1364 1027 1622 1106 ejusdem
1659 1039 1813 1087 statu
1835 1073 1851 1103 ,
1893 1038 2068 1110 atque
2093 1030 2166 1091 de

80 1155 182 1214 spe
211 1132 418 1190 futurae
466 1127 799 1188 Judaeorum
847 1124 1292 1205 regenerationis
1313 1168 1329 1199 ,
1375 1122 1448 1182 de
1496 1122 1759 1204 proxima
1786 1121 1894 1183 'vel
1944 1136 2167 1184 remota

80 1225 423 1308 populorum
458 1220 941 1281 confoederatione
961 1265 976 1295 ⁷
1008 1218 1080 1278 de
1101 1218 1360 1297 ejusdem
1381 1217 1572 1277 fructu
1595 1216 1837 1299 aliisque
1859 1217 2162 1295 ejusmodi,

81 1342 208 1402 quae
241 1318 347 1378 sibi
377 1315 733 1378 adversarius
761 1314 894 1374 laeta
919 1335 983 1373 ac
1008 1313 1226 1374 ridenti
1253 1312 1562 1395 phantasia
1598 1331 1731 1371 cum
1755 1312 1870 1371 suis
1897 1312 2167 1371 omnibus

81 1414 241 1492 fingit
265 1438 281 1486 ς
308 1410 452 1470 illud
476 1431 704 1491 semper
730 1430 936 1470 verum
971 1409 1079 1468 erit
1109 1454 1124 1483 ,
1157 1420 1285 1467 tum
1320 1407 1582 1467 ablatum
1618 1418 1911 1490 sceptrum
1955 1429 1988 1467 a
2015 1408 2169 1468 Juda

81 1527 198 1566 esse
218 1552 234 1581 .,
259 1516 385 1564 tum
411 1503 658 1587 proinde
682 1503 1065 1586 adimpletum
1089 1505 1125 1562 J
1128 1502 1292 1562 acobi
1321 1502 1660 1564 vaticinium
1675 1545 1696 1574 ,
1727 1513 1787 1562 et
1803 1547 1819 1577 .,
1851 1501 2009 1584 quod
2027 1523 2169 1562 con-

80 1621 322 1681 sequens
353 1610 476 1674 est,
508 1597 777 1658 Messiam
807 1597 1031 1676 jamdiu
1072 1597 1390 1658 advenisse.
1436 1599 1561 1670 Quo
1605 1618 1742 1657 vero
1781 1618 1953 1657 sensu
1991 1599 2169 1681 accipi

78 1693 326 1754 debeant
357 1692 579 1772 objecta
620 1693 1040 1776 Scripturarum
1066 1692 1187 1752 loca
1210 1714 1281 1753 ex
1309 1693 1558 1754 Levitico
1582 1703 1640 1754 et
1675 1695 2128 1754 Deuteronomio
2148 1738 2164 1768 ‚

79 1789 285 1848 idoneo
317 1788 441 1848 loco
466 1788 738 1848 dicemus,

1044 1954 1070 2021 ς
1132 1954 1198 2004 11.

557 2093 950 2174 Expenditur
986 2098 1345 2153 vaticinium
1383 2094 1678 2155 Danielis.

161 2253 260 2312 87.
306 2253 534 2329 Daniel,
559 2257 623 2313 in
657 2256 988 2337 captivitate
1010 2256 1254 2338 posituS,
1281 2254 1567 2336 affligebat
1593 2278 1654 2316 se
1680 2276 1873 2315 coram
1895 2258 2165 2330 Domino7

80 2357 444 2429 peccatorum
479 2349 681 2430 populi
716 2350 804 2408 sui
839 2351 1072 2411 veniam
1106 2351 1521 2432 impetraturus
1554 2361 1614 2411 et
1655 2349 2060 2412 liberationem
2094 2351 2168 2411 ab

79 2441 279 2505 eadem
317 2443 647 2524 captivitate
676 2488 691 2518 7
730 2443 898 2503 Urbis
930 2443 1250 2525 templique
1272 2446 1720 2506 restitutionem.
1750 2446 1951 2506 Adhuc
1973 2447 2170 2506 autem

80 2538 267 2597 oranti
298 2537 520 2596 adstitit
549 2536 780 2605 Gabriel
809 2538 1077 2618 angelu5‚
1117 2539 1217 2619 qui
1248 2549 1306 2597 et
1328 2540 1560 2599 veniam
1593 2541 1883 2621 promittit
1915 2560 2021 2620 per
2062 2540 2169 2599 ad-

79 2644 391 2692 venturum
429 2633 696 2692 Messiam
721 2679 736 2707 .‚
765 2644 823 2692 et
855 2632 1027 2691 Urbis
1061 2654 1125 2692 ac
1168 2631 1375 2713 templi
1399 2632 1901 2693 reaedificationem
1922 2679 1937 2708 ‚
1968 2634 2171 2715 populi

80 2726 331 2785 reditum
355 2726 429 2786 ad
445 2738 662 2786 terram
680 2737 913 2808 patrum
936 2750 1195 2802 suorum,
1218 2726 1318 2786 ubi
1349 2749 1454 2808 pro
1483 2729 1847 2809 septuaginta
1879 2748 2170 2788 annorum

84 2819 254 2879 exilio
277 2821 543 2904 septuplo
581 2821 792 2881 diutius
820 2844 1026 2882 usurus
1065 2834 1214 2883 esset
1248 2821 1456 2904 adepta
1482 2821 1770 2883 libertate.
1809 2825 1987 2882 Porro
2017 2846 2167 2906 quo-

84 2915 243 2973 niam
271 2925 462 2974 textus
493 2912 797 2976 hebraicus
833 2918 895 2976 in
930 2916 1226 2976 nonnullis
1263 2916 1551 3000 discrepat
1588 2940 1618 2977 a
1666 2917 1913 2998 vulgatae
1955 2930 2169 2978 nostrae

83 3008 360 3085 lectione,
404 3012 717 3093 praecipuas
752 3013 1058 3073 varietates
1092 3011 1442 3072 notabimus,
1497 3013 1586 3072 Sic
1641 3013 1816 3093 igitur
1869 3013 2169 3073 Danielem

86 3103 288 3164 affatur
329 3105 576 3185 Angelus
601 3127 705 3188 cap
743 3108 822 3164 IX
856 3130 868 3165 z

399 3307 517 3337 mxu
543 3306 763 3338 vunnu.
1216 3309 1361 3338 unus
1389 3308 1566 3338 mmmm!
1596 3307 1800 3338 PRAECH’UAE
1826 3308 2124 3339 mscnssrmrm.

166 3398 263 3457 24.
288 3402 671 3483 Septuayinta
705 3404 1087 3464 hebdomades
1169 3403 1369 3463 decisae
1395 3449 1410 3480 7
1457 3415 1688 3464 resectae
1718 3447 1734 3479 ‚
1802 3408 1892 3464 vel
1928 3405 2168 3465 decretae

87 3488 430 3556 abbreviatae
452 3509 590 3556 sunt
604 3501 1086 3579 superpopulum
1171 3510 1285 3557 aut
1312 3508 1546 3558 statutae
1573 3510 1711 3558 sunt
1739 3498 1831 3580 (1)

152 3680 225 3744 (l)
242 3679 534 3733 Alexandrini
551 3685 722 3736 habent
742 3704 756 3736 ε
789 3686 1087 3751 Συνιτμιίθη·
1170 3710 1271 3750 σοιν,
1286 3689 1510 3738 breviatae
1524 3697 1638 3738 sunt
1649 3710 1667 3747 ;
1684 3689 1762 3738 alii
1785 3687 1908 3754 apud
1922 3685 2167 3754 origenem
