2534 4088
338 141 494 179 ran.
526 141 580 177 11.
609 141 736 176 οΑΡ.»
763 139 816 179 v.
845 139 912 174 nn
944 136 1158 175 cnms'n
1188 137 1400 174 muns
1429 135 1612 186 ATQUE
1642 135 1979 175 nummum.
2064 115 2180 176 301

80 285 238 344 tione
260 284 474 343 scilicet
498 304 599 343 seu
623 281 899 340 sacrificio
916 328 932 356 7
975 281 1036 339 id
1057 282 1211 340 inter
1237 291 1424 340 cetera
1450 281 1758 356 evincunt7
1804 303 1934 362 quae
1956 281 2182 358 scribit7

78 376 224 437 ibid.
259 400 384 460 cap.
418 380 527 450 IX,
566 377 638 434 ll
676 397 689 434 ε
725 376 997 435 Christus
1012 376 1294 456 ,inquit7
1325 381 1602 434 assistens
1628 376 1915 456 Pontifex
1939 382 2188 457 futu-ro-

78 494 224 530 rum
263 475 597 541 bonorum,
630 491 748 549 per
794 473 1061 550 amplius
1109 481 1161 527 et
1195 472 1528 548 perfectius
1567 471 2027 529 tabernaculum
2069 494 2188 530 non

77 571 578 645 manufactum...
609 587 795 643 neque
821 587 939 644 per
965 568 1324 643 sanquinem
1349 564 1660 622 hircorum
1690 575 1804 623 aut
1825 567 2188 639 vitulorum,

77 663 182 719 sed
195 682 314 740 per
336 665 669 740 proprium
695 667 1052 740 sanquinem
1084 661 1359 716 introivit
1386 659 1560 716 semel
1587 663 1655 715 in
1683 671 1929 732 sancta,
1967 672 2192 720 aeterna

77 757 475 836 redemptione
510 760 776 814 inventa.
811 757 884 813 Si
915 760 1079 813 enim
1128 755 1381 832 sanquis
1432 752 1741 811 hircorum
1775 766 1830 812 et
1869 767 2192 816 taurorum

78 862 134 910 et
154 855 312 909 cinis
335 853 536 911 vituloe
560 872 835 930 aspersus
867 854 1219 928 inquinatos
1239 847 1577 923 sanctificat
1593 849 1678 904 ad
1706 852 2192 910 emundationem

77 951 318 1013 carnis,·
356 957 580 1024 quanto
610 950 804 1025 mayis
835 965 1086 1023 sanquis
1119 942 1378 1011 Christi,
1404 946 1518 1019 qui
1525 963 1643 1020 per
1665 944 1969 1021 Spiritum
2000 948 2191 1005 Sanc-

79 1052 209 1099 tum
230 1045 606 1121 semetipsum
627 1042 836 1098 obtulit
854 1037 1313 1095 immaculatum
1337 1037 1458 1095 Deo
1474 1082 1489 1108 7
1520 1039 1873 1096 emundabit
1891 1047 2192 1101 conscien-

79 1141 230 1194 tiam
277 1147 543 1194 nostram
590 1136 669 1193 ab
720 1133 1000 1212 operibus
1043 1135 1300 1189 mortuis
1313 1174 1337 1202 ,
1385 1133 1470 1189 ad
1515 1133 1897 1191 serviendum
1937 1137 2061 1193 Deo
2100 1141 2194 1193 vi-

81 1236 245 1289 venti
270 1229 302 1290 ?
356 1229 576 1303 Quibus
625 1226 819 1289 verbis
867 1224 1173 1307 Apostolus
1220 1225 1560 1284 Pontificem
1610 1227 1820 1286 veteris
1863 1227 2003 1307 legis
2063 1250 2195 1288 cum

70 1347 249 1387 >novae
274 1324 415 1405 legis
444 1323 719 1383 Pontifice
760 1321 1018 1395 Christo7
1057 1321 1136 1379 ita
1171 1331 1503 1401 comparat,
1548 1331 1614 1378 ut
1635 1366 1650 1394 7
1684 1322 2188 1401 quemadmodum

81 1420 178 1479 ille
194 1466 210 1498 ,
226 1422 565 1502 priusquam
581 1416 982 1498 ingrederetur
1003 1417 1064 1474 in
1082 1417 1287 1474 Sancta
1306 1416 1648 1474 Sanctorum
1670 1461 1686 1489 7
1704 1416 2043 1476 sacrificium
2061 1418 2195 1478 offe-

80 1514 246 1575 rebat
275 1535 382 1596 per
405 1513 748 1573 effusionem
775 1512 1068 1592 sanguinis
1105 1510 1395 1569 hircorum
1429 1521 1487 1568 et
1523 1509 1841 1571 vitulorum
1861 1556 1877 1586 7
1909 1515 1988 1570 sic
2017 1514 2195 1572 etiam

82 1608 343 1678 Christus
377 1609 718 1667 sacrificium
748 1608 811 1665 in
847 1628 1013 1666 cruce
1051 1604 1328 1664 obtulerit
1358 1625 1465 1686 per
1503 1605 1590 1663 sui
1627 1606 1920 1685 sanguinis
1951 1607 2194 1666 effusio-

81 1725 249 1779 nem,
286 1703 628 1785 priusquam
672 1703 921 1762 intraret
955 1701 1018 1759 in
1064 1702 1274 1759 Sancta
1312 1721 1435 1757 non
1473 1698 1804 1773 manufacta
1829 1745 1846 1774 7
1886 1700 2099 1760 scilicet
2129 1702 2196 1760 in

82 1798 313 1858 coelum.
342 1798 605 1857 Christus
651 1797 825 1878 igitur
860 1795 1258 1856 Sacerdotium
1297 1815 1468 1852 suum
1504 1792 1749 1875 adeptus
1792 1805 1880 1853 est
1905 1840 1919 1869 7
1958 1800 2197 1878 ejusque

82 1907 275 1976 partes
294 1894 563 1976 implevit
585 1940 600 1969 7
626 1905 940 1975 antequam
968 1891 1369 1972 ingrederetur
1383 1891 1446 1948 in
1465 1890 1678 1957 coelum
1697 1936 1713 1965 7
1745 1891 1892 1950 sicut
1919 1892 2193 1951 Sacerdos

81 1988 278 2068 legalis
317 1988 732 2049 sacerdotalem
768 1988 1115 2068 dignitatem
1153 1983 1491 2061 obtinebat,
1523 1996 1582 2045 et
1622 2006 1838 2044 munus
1874 1985 2194 2046 Sacerdotis

86 2084 284 2142 obibat
302 2131 318 2159 7
349 2085 690 2166 priusquam
715 2085 962 2142 intraret
986 2084 1048 2141 in
1078 2082 1303 2141 Sancta.

168 2180 304 2238 578.
349 2180 541 2259 Pergit
579 2190 855 2260 praeterea
886 2177 1105 2237 ibidem
1148 2176 1455 2259 Apostolus
1476 2223 1492 2251 7
1528 2199 1588 2238 v.
1627 2176 1741 2251 247
1778 2177 1841 2234 in
1874 2176 2031 2236 hunc
2066 2198 2198 2236 mo—

86 2274 229 2333 dum
260 2297 273 2333 ε
320 2274 464 2334 Non
499 2279 661 2332 enim
690 2280 758 2332 in
791 2276 1152 2351 manufacta
1181 2283 1391 2330 sancta
1418 2274 1592 2331 Jesus
1622 2274 1961 2329 introivit...
1994 2273 2098 2329 sed
2129 2277 2198 2330 in

83 2376 288 2451 ipsum
310 2372 594 2429 coelum...
633 2390 819 2448 neque
852 2379 923 2426 ut
949 2389 1100 2447 soepe
1131 2368 1337 2446 offerat
1372 2370 1785 2445 semetipsum,
1813 2366 2198 2444 quemadmo-

87 2466 234 2523 dum
269 2466 555 2544 Pontifex
581 2469 781 2522 intrat
803 2468 872 2521 in
909 2473 1113 2522 sancta
1137 2483 1257 2542 per
1291 2458 1779 2541 sinyulos-annos
1805 2465 1873 2517 in
1901 2464 2199 2539 sanquine

87 2563 280 2620 alieno
302 2586 325 2629 ,·
375 2563 648 2639 alioquin
704 2560 1005 2639 oportebat
1061 2567 1198 2616 eum
1244 2554 1594 2636 frequenter
1636 2559 1782 2634 pati
1812 2631 1814 2634 .
1842 2555 1921 2613 ab
1967 2558 2200 2634 origine

87 2657 342 2728 mundi3
383 2677 549 2714 nunc
591 2666 792 2713 autem
834 2656 1007 2712 semel
1043 2657 1113 2711 in
1162 2655 1672 2711 consummatione
1707 2651 2078 2723 seculorum7
2119 2650 2207 2708 ad

87 2752 522 2810 destitutionem
532 2755 768 2830 peccati
783 2796 798 2825 7
820 2771 939 2828 per
950 2750 1203 2808 bostiam
1227 2769 1405 2807 suam
1423 2750 1737 2826 apparuit.
1767 2746 1855 2805 Et
1874 2790 1890 2819 7
1919 2746 2201 2824 quemad·

87 2847 334 2905 modum
354 2857 641 2905 statutum
668 2857 751 2904 est
771 2846 1116 2903 bominibus
1149 2846 1323 2903 semel
1354 2847 1544 2915 mori7
1567 2852 1705 2922 post
1725 2842 1830 2899 hoc
1860 2851 2053 2899 autem
2080 2845 2201 2918 ju-

87 2942 320 3001 dicium
342 2988 357 3017 7
395 2947 481 3000 sic
515 2954 572 3002 et
611 2941 883 3000 Christus
911 2940 1086 2999 semel
1112 2941 1461 3019 oblatusest
1497 2938 1584 2995 ad
1611 2938 1944 2994 multorum
1979 2935 2200 2993 exhau-

86 3038 302 3096 rienda
344 3049 608 3118 peccata.
658 3039 792 3096 Jam
845 3056 983 3095 vero
1035 3045 1283 3117 quatuor
1321 3033 1415 3092 hic
1455 3033 1620 3115 ponit
1662 3029 1970 3111 Apostolus
1997 3075 2014 3104 7
2071 3051 2201 3112 quae

86 3132 407 3190 necessario
435 3131 735 3214 postulant
764 3129 1058 3190 Christum
1080 3132 1142 3188 in
1164 3127 1395 3188 mortali
1430 3127 1616 3187 adhuc
1641 3125 1763 3187 vita
1791 3125 1914 3187 veri
1942 3125 2199 3184 nominis

90 3223 356 3284 habuisse
396 3226 822 3294 Sacerdotium,
860 3246 924 3285 ac
947 3246 1156 3286 verum
1183 3237 1243 3286 et
1278 3224 1513 3306 proprie
1552 3220 1776 3279 dictum
1803 3218 2081 3289 obtulisse
2106 3241 2199 3278 sa-

87 3319 363 3378 crificium
387 3321 449 3378 in
484 3333 673 3382 morte
712 3343 835 3381 sua.

171 3413 308 3473 579.
355 3416 583 3475 Etenim
624 3418 850 3498 primo,
895 3438 1003 3499 pro
1041 3425 1197 3475 certo
1240 3414 1417 3472 sumit
1459 3411 1766 3493 Apostolus
1787 3458 1803 3486 7
1826 3409 2202 3470 'oblationem

87 3507 302 3567 Christi
338 3510 572 3568 nonnisi
614 3511 793 3572 semel
825 3511 1038 3570 factam
1063 3530 1236 3582 csse3
1282 3529 1416 3588 ergo
1455 3507 1712 3589 loquitur
1755 3506 1828 3565 de
1869 3505 2198 3579 oblatione,

90 3624 217 3684 quae
259 3603 319 3662 in
354 3624 520 3662 cruce
557 3604 701 3664 facta
735 3617 855 3678 est,
887 3627 1014 3664 *non
1056 3615 1251 3663 autem
1281 3603 1343 3661 in
1385 3601 1531 3663 coelo
1551 3648 1566 3677 7
1594 3602 1694 3662 ubi
1719 3599 1990 3683 quotidie
2024 3600 2201 3660 inter-
