2534 4088
320 152 443 213 294

996 172 1193 208 TRACT.
1245 172 1312 207 DE
1357 173 1794 211 INCARNATIONE.

325 332 595 381 centrum
622 316 950 397 systematis
991 315 1306 377 vascularis
1334 338 1439 376 seu
1475 321 1782 400 sanguinei
1801 366 1817 396 7
1849 331 2028 402 atque
2060 331 2128 379 ut
2174 321 2350 381 modo
2379 322 2461 381 lo-

327 417 426 499 qui
459 424 663 473 amant
683 458 698 486 7
744 416 1122 493 irrzyatorii,
1155 412 1314 495 quod
1339 435 1455 473 una
1496 435 1631 474 cum
1657 428 1973 497 systemate
1999 437 2220 476 nerveo
2248 429 2463 499 praeest

323 513 459 573 vitae
495 509 752 591 corporis
785 509 1051 567 animalis
1087 510 1198 588 (1).
1235 510 1303 566 2⁰
1337 511 1516 568 Juxta
1567 512 1914 571 certissimas
1958 512 2314 572 anatomicas
2355 511 2465 572 ob-

326 606 686 666 servationes
720 625 783 664 ac
817 606 1065 686 repetita
1095 604 1501 686 experimenta
1526 651 1541 680 7
1575 592 1674 665 cor
1704 628 1914 688 magna
1943 630 2265 669 nervorum
2301 608 2465 690 copia

325 703 682 761 instructum
718 722 842 760 esse
880 699 989 781 (2)
1043 699 1108 759 30
1143 700 1365 760 Omnes
1405 701 1607 762 nervei
1662 704 1992 782 systematis
2047 715 2243 786 partes
2299 725 2467 763 suam

327 796 545 857 habere
580 795 899 856 efficaciam
919 843 935 871 7
983 796 1231 857 existere
1262 818 1370 878 per
1416 818 1477 856 se
1502 843 1518 873 7
1558 819 1751 880 neque
1783 821 1815 856 a
1850 797 2093 858 cerebro
2118 812 2221 859 aut
2253 798 2465 883 spinali

328 891 588 954 medulla
614 892 956 952 omnimodo
987 893 1245 974 pendere
1270 893 1359 974 (3)
1381 939 1397 969 7
1427 914 1493 952 ac
1530 905 1842 976 propterea
1864 940 1879 969 7
1917 893 2076 976 quod
2105 915 2468 978 consequens

330 1000 456 1065 est7
498 988 689 1049 cordis
732 990 1021 1049 actionem
1065 1010 1258 1071 neque
1296 1012 1326 1048 a
1365 988 1605 1050 cerebro
1651 1011 1844 1072 neque
1876 1012 1908 1048 a
1957 988 2218 1049 medulla
2257 990 2471 1072 spinali

332 1085 637 1145 dimanare
671 1110 686 1159 ς
722 1085 958 1146 excitari
992 1097 1190 1144 tamen
1211 1131 1226 1160 7
1258 1086 1306 1144 si
1334 1086 1556 1144 stimuli
1584 1086 1742 1145 hisce
1773 1085 2037 1168 partibus
2067 1085 2468 1169 applicentur,

330 1203 466 1242 cum
493 1203 698 1241 omnes
728 1193 925 1264 partes
954 1181 1214 1260 ejusdem
1243 1182 1572 1262 systematis
1608 1182 1791 1240 amice
1820 1182 1977 1241 inter
2003 1204 2064 1241 se
2094 1182 2432 1264 conspirent
2453 1227 2469 1256 7

332 1290 392 1338 et
428 1277 555 1338 aliae
588 1277 714 1337 aliis
742 1288 974 1359 partem
1013 1299 1130 1337 suae
1174 1277 1503 1336 efficientiae
1540 1278 1974 1337 communicent
1997 1324 2013 1351 7
2047 1280 2369 1359 omnesque
2399 1276 2475 1336 ad

332 1376 511 1434 totius
542 1375 873 1455 systematis
905 1373 1197 1433 actionem
1254 1371 1478 1455 aliquid
1508 1374 1814 1432 conferant
1839 1373 1954 1455 (4).
1990 1374 2055 1432 40
2091 1373 2475 1456 Exploratum

333 1481 619 1553 praeterea
647 1469 808 1552 apud
831 1470 1070 1530 eosdem
1095 1480 1206 1544 est7
1236 1490 1335 1528 cor
1352 1489 1474 1551 prae
1495 1470 1701 1529 ceteris
1727 1469 2004 1529 musculis
2028 1468 2438 1528 incitabilitate
2457 1514 2473 1543 7

332 1577 399 1625 ut
453 1566 783 1648 loquuntur
818 1612 834 1642 7
895 1565 1346 1626 contractilitate
1385 1611 1400 1639 7
1446 1564 1841 1624 irritabilitate
1895 1577 2073 1647 atque
2116 1564 2475 1646 exquisitiori

335 1662 593 1744 quadam
617 1663 1005 1723 sensitivitate
1029 1662 1235 1720 donari
1261 1661 1337 1720 ob
1360 1683 1574 1721 nervos
1591 1707 1607 1737 7
1635 1683 1779 1743 quos
1814 1673 2023 1721 vocant
2050 1660 2442 1742 sympathicos
2458 1705 2475 1735 7

333 1757 546 1840 quibus
585 1757 870 1818 abundat.
907 1758 1059 1818 Hinc
1100 1759 1165 1817 5⁰
1207 1769 1401 1817 motus
1431 1757 1724 1821 cordiacos
1770 1758 1951 1816 animi
1981 1755 2385 1816 affectionibus
2413 1777 2479 1815 ac

331 1853 701 1935 passionibus
723 1901 737 1930 7
767 1857 1096 1937 praesertim
1127 1855 1178 1914 si
1209 1855 1525 1917 vividiores
1557 1876 1640 1915 eae
1668 1856 1788 1914 sint
1810 1900 1825 1929 7
1860 1855 1943 1913 ita
1972 1853 2209 1914 subesse
2232 1899 2247 1927 7
2278 1864 2349 1911 ut
2378 1874 2479 1911 su·-

330 1949 456 2010 bito
492 1972 591 2011 cor
618 1951 715 2012 vel
745 1951 1010 2011 subsiliat
1039 1952 1241 2011 laetitia
1262 1997 1278 2026 7
1323 1950 1418 2010 vel
1454 1960 1703 2030 angatur
1736 1971 2027 2025 moerore3
2067 1971 2132 2009 ac
2169 1959 2478 2031 propterea

335 2047 623 2124 ejusmodi
661 2059 856 2106 motus
883 2046 1174 2107 cardiacos
1210 2046 1331 2106 sola
1366 2045 1777 2128 pathematum
1812 2046 1995 2105 animi
2040 2046 2097 2104 vi
2127 2056 2187 2105 et
2227 2044 2476 2123 efficacia

404 2267 472 2334 (1)
510 2268 611 2319 Cfr.
646 2269 720 2318 Cl.
750 2268 970 2318 Laurent.
1003 2269 1193 2317 Martini
1212 2306 1225 2328 7
1261 2267 1357 2315 Le-

333 2352 477 2400 ziom‘
521 2351 577 2399 di
619 2351 861 2417 fisioloqia
891 2389 905 2412 7
958 2351 1132 2400 Torino
1192 2346 1317 2417 1827
1340 2387 1354 2411 7

330 2435 421 2484 lez.
439 2450 556 2483 xun
570 2473 584 2496 7
602 2432 645 2483 S
647 2437 817 2483 istema
836 2436 1107 2500 sanquiqno
1121 2471 1135 2498 7
1153 2444 1269 2483 tom.
1287 2451 1355 2483 lv.

400 2517 467 2581 (2)
505 2516 738 2567 Nonnulli
758 2518 1015 2584 physiologi
1044 2517 1342 2576 dubitarunt,

331 2609 492 2648 utrum
519 2618 599 2649 cor
623 2603 775 2650 nervis
793 2610 912 2650 esset
935 2603 1243 2663 instructum3
1266 2598 1356 2648 Be-

330 2682 602 2732 herendsius
622 2718 637 2745 7
658 2684 852 2732 ulterius
868 2701 1150 2749 progressus,
1170 2700 1356 2748 prorsus

330 2780 495 2813 nervos
536 2764 664 2813 cordi
712 2767 896 2831 negavit
910 2783 931 2826 7·
982 2775 1030 2814 at
1072 2765 1142 2814 Cl.
1185 2764 1356 2830 Scarpa

330 2864 548 2912 magnam
565 2863 817 2897 nervorum
838 2848 1153 2896 cardiacorum
1171 2851 1353 2915 copiam

328 2931 390 2977 ita
424 2929 755 2980 demonstravit
773 2965 787 2989 7
828 2939 880 2977 ut
914 2928 1013 2995 jam
1049 2948 1187 2979 nemo
1220 2934 1352 2981 inve·

328 3014 513 3074 niatur,
542 3014 625 3079 qui
652 3012 711 3062 de
733 3012 824 3061 hac
841 3028 890 3060 re
908 3013 1214 3078 quaestionem
1247 3031 1349 3062 mo·

327 3105 427 3143 veat
435 3129 454 3156 7
469 3105 549 3145 aut
565 3094 782 3144 dubium.
799 3092 900 3148 Cfr.
918 3093 1039 3144 ibid.
1058 3104 1101 3142 et
1118 3093 1205 3143 lez.
1227 3112 1347 3155 nn,

324 3174 533 3223 Sistema
557 3193 772 3226 nervoso.

393 3257 458 3322 (3)
495 3258 587 3306 Cfr.
614 3260 738 3311 idem
767 3260 886 3309 ibid.
907 3260 993 3309 lez.
1022 3274 1150 3308 nvn
1167 3295 1182 3320 7
1206 3256 1347 3307 Mus-

321 3340 417 3388 coli
430 3377 447 3404 7
470 3347 572 3390 tum
598 3344 647 3390 in
664 3361 737 3407 op.
755 3341 1002 3393 Elementa
1009 3340 1314 3408 phisioloqioe
1330 3380 1343 3401 7

324 3423 518 3472 Taurini
553 3421 681 3474 1835
698 3461 713 3484 7
742 3425 827 3474 lib.
848 3443 865 3473 1
885 3463 897 3485 7
920 3444 1026 3491 pag.
1054 3425 1205 3476 25·31
1228 3463 1241 3485 7
1265 3425 1345 3475 ubi

324 3507 457 3555 affert
485 3509 797 3572 experimenta
820 3507 1067 3568 Wilsonii7
1094 3526 1147 3557 ex
1174 3507 1345 3574 quibus

323 3599 500 3637 constat
522 3627 535 3648 7
558 3589 707 3638 cordis
738 3591 966 3637 actionem
987 3608 1141 3657 neque
1170 3609 1195 3638 a
1215 3608 1343 3640 cere·

320 3670 403 3718 bro
426 3708 438 3732 7
460 3690 613 3735 neque
632 3691 658 3721 a
676 3671 880 3722 medulla
895 3673 1062 3737 spinali
1083 3673 1339 3722 dimanare.

1446 2267 1606 2316 Plures
1632 2269 1757 2316 enim
1785 2269 1913 2315 nervi
1935 2285 1960 2315 e
1985 2266 2183 2333 gangliis
2209 2266 2473 2331 prodeunt3

1446 2353 1513 2398 sic
1546 2350 1758 2416 plerique
1794 2351 1925 2398 nervi
1959 2349 2157 2398 cardiaci
2193 2366 2251 2398 ex
2290 2348 2474 2414 ganglio

1446 2432 1534 2481 sub
1568 2433 1708 2481 corde
1741 2435 1892 2498 posito
1925 2434 2149 2498 originem
2179 2432 2374 2480 habent.
2404 2431 2471 2479 Ex

1445 2515 1519 2563 his
1547 2526 1674 2581 patet
1693 2553 1706 2577 7
1737 2515 1910 2581 quibus
1937 2512 2106 2563 melius
2137 2522 2372 2578 competat
2394 2529 2471 2561 ce·

1445 2597 1694 2646 rebellistoe
1716 2609 1793 2646 aut
1808 2596 2088 2663 pinealistoe
2121 2596 2465 2658 denominatio,

1445 2698 1507 2729 an
1535 2681 1670 2730 nobis
1699 2681 1872 2729 scilicet
1891 2718 1904 2741 7
1925 2682 2007 2746 qui
2034 2679 2278 2745 plerosque
2302 2696 2468 2728 nervos

1444 2763 1679 2813 cardiacos
1695 2782 1747 2812 ex
1764 2763 1958 2828 gangliis
1977 2763 2227 2828 repetimus
2247 2761 2468 2810 cardiacis

1442 2855 1488 2894 et
1513 2848 1766 2911 respective
1797 2845 1934 2911 plexu
1955 2882 1968 2905 7
2000 2863 2057 2894 an
2085 2862 2189 2893 vere
2219 2843 2463 2908 Gregoire7

1442 2932 1523 2995 qui
1560 2947 1668 2978 cum
1713 2931 1808 2977 suis
1845 2944 2008 2977 omnes
2047 2944 2209 2976 nervos
2244 2928 2407 2991 repetit
2439 2943 2464 2973 a

1439 3011 1661 3072 cerebro,
1711 3020 1794 3060 aut
1838 3008 2121 3076 encepha107
2177 3018 2221 3055 et
2264 3006 2466 3054 medulla

1438 3094 1636 3159 spinali7
1669 3096 1722 3143 in
1751 3111 1846 3160 quo
1878 3110 1975 3140 non
2006 3092 2246 3139 meliorem
2277 3089 2466 3155 physio-

1438 3176 1598 3241 logum
1631 3193 1771 3242 quam
1807 3173 2073 3239 theologum
2104 3191 2151 3221 se
2179 3172 2366 3238 praebet.

1508 3257 1571 3321 (l4)
1612 3258 1736 3307 lbid.
1777 3267 1880 3304 tum
1914 3274 2017 3322 pag.
2065 3255 2127 3303 23
2167 3266 2211 3304 et
2252 3273 2346 3320 seq.
2383 3254 2464 3301 ubi

1439 3342 1648 3403 Bichati7
1683 3343 1962 3391 Richerandi
1992 3343 2286 3407 aliorumque
2309 3341 2462 3405 hypo·

1438 3425 1587 3475 theses
1622 3426 1820 3474 falsitate
1864 3425 2073 3474 laborare
2113 3423 2347 3482 ostendit7
2381 3423 2460 3487 qui

1439 3509 1594 3556 nervei
1624 3509 1885 3573 systematis
1919 3508 2127 3557 sensiferi
2168 3515 2379 3556 centrum
2411 3505 2461 3552 in

1437 3590 1692 3654 encephalo
1718 3590 1963 3640 collocant.
