2534 4088
343 115 456 174 166
1010 132 1202 172 TRACT.
1251 132 1321 168 nn
1363 129 1797 170 monumen.

340 277 541 338 dentia
581 273 834 347 carnali,
867 291 943 330 ne
982 269 1200 329 diutius
1230 270 1295 328 in
1337 271 1624 348 ejusmodi
1659 271 1827 353 nugis
1869 271 2203 333 refellendis
2244 272 2426 333 immo

339 394 556 435 remur.

1058 528 1566 585 COROLLARIUM
1626 527 1738 589 IV.

462 676 735 737 Christus
774 675 1067 733 humanis
1105 675 1448 755 affectibus,
1495 675 1803 735 doloribus
1845 687 1902 735 et
1939 680 2328 757 corruptioni

692 771 988 830 ohnooeius
1022 773 1156 849 fuit
1194 793 1266 830 ecc
1308 781 1552 830 naturoe
1593 793 1716 831 suoe
1760 771 2116 831 condicione.

414 933 555 994 284.
601 934 766 994 Prior
801 954 936 1016 pars
978 932 1055 992 ad
1096 933 1272 995 fidem
1311 946 1570 1017 spectat3
1621 935 1805 995 altera
1857 956 2035 1010 vero,
2088 955 2204 1017 qua
2244 954 2461 1017 nempe

335 1030 549 1090 dicitur
578 1052 649 1089 eoe
680 1041 918 1089 naturae
946 1051 1070 1088 szcoe
1105 1031 1440 1091 conditione
1460 1075 1476 1106 ,
1509 1042 1602 1090 est
1628 1041 1868 1090 tantum
1895 1029 2031 1090 fidei
2052 1029 2320 1112 proxima
2346 1074 2363 1105 .,
2393 1039 2462 1088 ut

334 1149 409 1187 ex
449 1124 708 1185 dicendis
743 1123 985 1208 patebit.
1018 1124 1107 1185 Ad
1140 1126 1397 1208 priorem
1429 1127 1627 1209 itaque
1659 1136 1891 1207 partem
1919 1124 2078 1208 quod
2103 1124 2351 1199 attinet,
2385 1122 2463 1183 de

334 1226 457 1300 ejus
504 1221 746 1283 veritate
787 1221 984 1280 omnia
1026 1221 1162 1281 fidei
1202 1232 1418 1281 nostrae
1462 1220 1726 1302 symbola
1761 1243 1868 1281 nos
1908 1219 2177 1280 dubitare
2217 1241 2342 1279 non
2383 1217 2464 1277 si-

334 1328 518 1393 nunt¹¹
558 1338 690 1399 quae
721 1314 889 1375 nobis
925 1314 1209 1377 exhibent
1239 1317 1538 1390 Christum
1566 1338 1803 1400 passum
1831 1337 1898 1376 ac
1933 1327 2233 1376 mortuum
2252 1360 2268 1391 .,
2303 1312 2463 1375 ideo-

335 1435 449 1496 que
479 1423 616 1472 ante
648 1434 814 1472 suam
842 1413 1329 1473 resurrectionem
1366 1412 1702 1496 passibilem
1727 1434 1794 1474 ac
1818 1410 2279 1495 corruptibilem.
2313 1411 2465 1470 Sane

328 1507 500 1587 hujus
523 1507 608 1567 rei
635 1529 758 1567 non
784 1507 1026 1568 obscura
1057 1520 1403 1589 argumenta
1430 1510 1616 1570 Sacrae
1639 1509 1870 1570 Litterae
1900 1507 2304 1594 suppeditant,
2335 1526 2464 1589 quae

334 1603 637 1664 Christum
672 1615 967 1664 testantur
1000 1604 1330 1665 identidem
1365 1605 1720 1665 esurientem
1750 1650 1766 1680 ,
1805 1605 2104 1664 sitientem
2124 1648 2140 1678 ,
2177 1601 2460 1677 flentem,

332 1722 404 1759 ex
434 1700 644 1760 itinere
667 1700 969 1781 fatigatum
990 1747 1007 1776 ,
1039 1712 1099 1761 et
1113 1722 1234 1784 prae
1263 1701 1478 1762 doloris
1507 1699 1825 1761 acerbitate
1839 1700 2214 1760 clamantem.
2247 1699 2462 1772 Quare,

332 1795 405 1853 Is.
446 1796 605 1869 L111,
649 1796 809 1856 idem
843 1796 1108 1856 Christus
1153 1796 1486 1879 appellatur
1523 1802 1622 1856 vir
1657 1798 1934 1856 dolorum
1976 1807 2033 1855 et
2069 1798 2260 1854 sciens
2295 1794 2467 1871 infir-

331 1894 600 1950 mitatem
621 1936 636 1966 ,
674 1893 1066 1964 vulneratae,
1094 1897 1345 1950 attritus
1354 1934 1376 1964 ,
1417 1902 1593 1972 atque
1625 1891 1748 1950 haec
1776 1889 1972 1972 quoad
1994 1909 2224 1971 corpuS.
2259 1885 2467 1960 Quoad

330 1986 590 2046 animam
623 2008 762 2049 vero
797 1986 1057 2069 idipsum
1096 1986 1360 2046 Christus
1400 1987 1719 2068 expressit,
1756 2006 1892 2045 cum
1935 1986 2068 2045 Luc.
2106 1983 2312 2058 XXIl,
2344 1981 2460 2057 42,

330 2082 413 2140 ait
440 2103 453 2139 ε
483 2083 697 2157 Pater,
722 2085 777 2140 si
801 2087 923 2158 vis,
952 2084 1219 2161 transfer
1245 2103 1285 2140 a
1313 2099 1409 2139 me
1438 2083 1687 2140 calicem
1714 2084 1932 2155 z'stum3
1959 2079 2058 2139 ubi
2085 2078 2246 2139 idem
2277 2079 2466 2140 Evan-

328 2175 530 2257 gelista
559 2175 757 2235 subdit
796 2198 809 2235 z
837 2177 1157 2257 Apparuit
1194 2178 1299 2236 illi
1337 2177 1604 2258 Anqelus
1635 2177 1707 2237 de
1747 2179 1885 2236 coelo
1909 2179 2257 2255 confortans
2284 2194 2424 2233 eum
2442 2217 2460 2249 .‚

327 2282 384 2330 et
400 2275 609 2351 factus
633 2277 703 2331 in
733 2276 952 2352 ayonz'a
976 2275 1289 2353 prolioeius
1320 2274 1566 2340 orahat;
1592 2293 1721 2355 quae
1748 2272 1940 2333 locum
1978 2294 2100 2331 non
2134 2268 2458 2344 haberent,

325 2368 439 2427 nisi
469 2368 684 2428 doloris
713 2368 1181 2448 magnitudinem
1211 2381 1388 2451 atque
1428 2368 1807 2429 acerbitatem
1844 2367 2249 2452 persensisset.
2290 2363 2462 2439 Quod

324 2463 502 2522 etiam
538 2463 868 2523 ostenditur
904 2484 974 2523 ex
1003 2463 1211 2523 Matth.
1245 2465 1465 2540 XXVI,
1505 2464 1582 2524 38
1605 2511 1620 2539 ,
1650 2486 1784 2524 cum
1809 2464 2071 2525 Christus
2091 2509 2107 2537 ‚
2147 2459 2459 2542 discipulos

324 2580 458 2618 suos
483 2558 812 2641 alloquenS‚
840 2559 991 2618 dixit
1023 2582 1037 2617 ε
1090 2559 1313 2620 Tristis
1343 2571 1428 2618 est
1452 2562 1668 2619 anima
1688 2582 1822 2618 mea
1849 2580 2035 2638 usque
2064 2558 2152 2617 ad
2174 2566 2455 2629 mortem3

324 2652 465 2713 hinc
509 2654 698 2735 reipsa
739 2660 921 2735 oaepit
939 2677 1161 2736 pavere
1191 2667 1248 2714 et
1281 2656 1491 2714 toedere
1509 2698 1534 2727 ,
1575 2666 1643 2713 ut
1683 2653 1898 2735 legitur
1939 2655 2115 2713 Marc.
2147 2652 2279 2711 XIV
2300 2696 2316 2727 a
2358 2649 2456 2709 33.

402 2749 543 2807 285.
589 2751 673 2809 De
713 2749 823 2809 hoc
862 2751 1001 2811 fidei
1029 2752 1272 2811 articulo
1306 2773 1484 2811 nemo
1525 2772 1793 2833 unquam
1824 2748 2257 2808 Catholicorum
2283 2743 2459 2804 dubi-

321 2844 471 2905 tavit
498 2870 515 2918 3
580 2843 683 2903 sed
746 2855 947 2904 utrum
1010 2847 1294 2924 ejusmodi
1349 2846 1685 2907 affectiones
1751 2845 2015 2906 Christus
2095 2865 2169 2903 ex
2229 2852 2458 2901 naturae

319 2939 657 3000 conditione
680 2984 695 3014 ,
729 2961 832 3001 seu
862 2940 1036 3000 insita
1062 2953 1290 3003 naturae
1321 2942 1600 3003 humanae
1625 2942 1973 3002 infirmitate
2007 2960 2209 3022 passus
2242 2934 2417 2996 fuerit
2436 2981 2454 3011 7

317 3058 395 3095 an
443 3058 584 3098 vero
618 3058 741 3096 non
796 3035 1178 3113 naturaliter,
1221 3037 1326 3097 sed
1368 3036 1828 3098 extraordinaria
1880 3034 2136 3118 quadam
2181 3032 2344 3112 lege,
2390 3051 2456 3090 ac

318 3130 483 3192 velut
524 3154 634 3214 per
676 3131 1026 3194 miraculum
1064 3155 1159 3193 eas
1189 3134 1265 3192 sit
1295 3144 1570 3216 expertus
1592 3177 1608 3208 .,
1649 3154 1863 3213 magna
1897 3129 2039 3190 olim
2073 3128 2268 3188 extitit
2312 3149 2455 3188 con-

320 3227 508 3286 tentio
546 3227 701 3288 inter
741 3229 1083 3313 Philippum
1130 3227 1405 3288 abbatem
1442 3231 1617 3289 Bonae
1656 3228 1792 3312 Spei
1820 3238 1881 3287 et
1912 3228 2205 3285 Joannem
2244 3245 2454 3307 quem-

317 3322 457 3382 dam
497 3323 853 3384 monachum
891 3347 956 3385 ac
992 3326 1398 3408 praepositum,
1430 3335 1601 3385 aetate
1641 3326 1698 3384 S.
1736 3320 2037 3383 Bernardi.
2068 3323 2304 3380 Partem
2341 3339 2454 3378 ne-

319 3430 557 3497 gantem
585 3421 839 3501 suscepit
864 3420 1201 3504 Philippus,
1237 3422 1337 3503 qui
1360 3420 1546 3480 acrius
1579 3417 1911 3492 contendit,
1938 3416 2153 3477 Christi
2175 3435 2412 3476 carnem
2432 3458 2450 3488 ‚

322 3515 461 3594 quia
500 3515 626 3575 sine
679 3526 915 3598 peccato
961 3527 1238 3599 concepta
1281 3516 1504 3590 fuerat⁷
1555 3513 1731 3573 nullis
1772 3513 1962 3596 poenis
2007 3511 2347 3571 obstrictam
2392 3517 2452 3567 et

323 3606 639 3688 obligatam
668 3610 842 3672 fuisse
863 3656 880 3686 7
919 3611 1180 3694 adeoque
1208 3610 1356 3672 nihil
1383 3609 1728 3672 naturaliter
1758 3610 1880 3691 pati
1910 3607 2187 3691 potuisse.
2233 3606 2451 3667 Contra
