2534 4088
336 234 489 271 PART.
515 235 552 271 1.
579 234 702 272 CAP.
750 234 809 271 11.
855 236 923 270 DE
967 234 1121 272 EPOG.
1171 236 1237 271 ET
1281 235 1453 272 OFFIC.
1504 234 1668 271 PROM.
1715 236 1939 272 MESSIAE.

2109 216 2182 275 51

85 394 382 455 superesse
410 383 632 455 potest,
663 371 948 454 designari
972 373 1244 434 Messiam
1264 420 1280 449 7
1315 375 1416 456 qui
1453 373 1607 433 solus
1640 395 1746 456 per
1783 374 2186 436 excellentiam

85 470 326 528 Sanetus
351 468 458 526 diei
489 478 681 547 potest
699 512 714 541 ,
747 479 808 527 et
838 489 1041 529 revera
1063 469 1303 543 dicitur,
1335 472 1427 527 Ps.
1461 470 1585 542 XV,
1617 469 1690 527 10
1710 514 1727 544 ,
1761 481 1819 528 et
1849 471 1920 529 ls.
1950 471 2059 529 XII
2087 516 2103 545 .,
2126 473 2185 531 6.

86 563 253 636 Quod
269 563 360 636 si,
392 571 460 620 ut
486 561 609 621 aliis
636 563 818 642 magis
842 562 1058 622 arridet
1084 610 1100 638 .,
1151 566 1444 623 Sanctum
1481 564 1845 622 Sanctorum
1879 565 1941 624 in
1977 577 2188 625 neutro

84 678 291 735 genere
319 655 572 715 sumitur
601 702 615 730 ,
655 657 734 714 ita
763 667 829 715 ut
854 680 977 716 non
1003 679 1311 739 personam
1337 656 1442 715 sed
1470 677 1596 715 rem
1627 657 1867 718 denotet
1890 704 1907 734 ,
1947 672 2190 720 senten-

84 751 162 809 tia
190 751 253 808 in
274 749 431 808 idem
469 743 675 809 recidit
692 777 717 824 ,·
748 751 856 810 hoo
892 752 1050 811 enim
1089 773 1264 810 sensu
1297 749 1586 831 templum
1623 753 1935 831 mysticum
1971 755 2190 835 signifi-

83 856 267 919 catur,
286 845 443 927 quod
462 846 837 928 spiritualiter
858 847 1059 925 inungi
1072 844 1315 905 *debebit
1333 889 1349 918 ,
1369 855 1428 904 et
1448 842 1671 925 templo
1693 849 1976 907 materiali
2000 871 2187 932 oppo—

81 942 265 1015 nitur,
291 941 448 1022 quod
460 946 627 1019 juxta
645 942 991 1023 prophetam
1016 939 1383 1013 destruetur3
1411 960 1477 998 ac
1505 950 1816 1020 propterea
1836 944 2188 1021 significatur
2243 1028 2245 1030 q

83 1037 318 1095 Messias
340 1081 355 1109 ,
384 1037 486 1116 qui
507 1040 670 1114 juxta
706 1035 1024 1116 prophetas
1063 1033 1226 1093 sedes
1272 1034 1380 1093 Dei
1412 1054 1535 1092 esse
1573 1032 1858 1110 debebat,
1899 1049 1968 1095 ut
2008 1038 2184 1100 Za'oh.

84 1131 194 1203 VI7
237 1131 342 1202 123
374 1133 466 1188 Ps.
497 1130 657 1201 XIV,
691 1129 720 1185 1
753 1153 769 1200 .·,
803 1130 895 1186 Ps.
937 1129 1100 1203 XXI,
1140 1127 1214 1203 4,
1242 1127 1361 1186 imo
1395 1138 1454 1187 et
1485 1129 1828 1189 Emmanuel
1855 1174 1872 1204 ,
1915 1131 2037 1192 sive
2067 1135 2191 1193 No-

86 1226 315 1282 biscum
355 1225 556 1294 Deus,
586 1224 660 1279 Is·
692 1223 828 1295 VII⁷
875 1222 969 1280 14.
1014 1226 1083 1280 In
1116 1222 1240 1303 ipso
1281 1244 1421 1284 vero
1461 1222 1762 1305 completae
1796 1245 1898 1284 seu
1929 1226 2190 1306 sigillatae

86 1327 223 1375 sunt
251 1316 391 1377 visio
415 1326 477 1375 et
512 1315 817 1396 prophetia
838 1362 854 1390 ,
878 1327 1088 1397 utpote
1110 1317 1212 1398 qui
1239 1316 1392 1376 solus
1415 1317 1862 1400 prophetiarum
1899 1322 2186 1381 terminus

86 1421 144 1470 et
173 1410 302 1468 finis
338 1421 450 1475 est.
487 1408 591 1469 Ille
630 1409 871 1470 demum
908 1412 1305 1492 promittitur,
1348 1413 1448 1494 qui
1488 1411 1818 1494 appellatur
1851 1416 2104 1476 Messias
2133 1429 2194 1477 et

75 1508 362 1583 princeps
388 1504 523 1587 sive,
552 1505 681 1563 duat
711 1505 803 1585 (1)
826 1550 843 1581 ,
876 1505 975 1588 qui
1007 1517 1292 1588 praeterea
1319 1517 1554 1588 pactum
1578 1509 1684 1567 Dei
1702 1528 1834 1567 cum
1856 1507 2192 1571 hominibus

87 1665 235 1715 valere
267 1683 320 1714 ac
352 1663 543 1714 Novum
574 1666 802 1733 templum
832 1666 966 1728 Dei,
999 1667 1052 1716 E
1054 1686 1104 1717 c-

87 1745 278 1794 clesiam
302 1743 372 1796 N.
416 1747 479 1798 T.
511 1765 565 1797 ac
582 1758 820 1813 propterea
844 1753 943 1816 ejus
965 1761 1106 1815 caput

82 1838 134 1876 ‘et
159 1830 468 1877 institutorem
484 1865 498 1888 ,
530 1847 699 1895 nempe
720 1828 958 1882 Messiam.
974 1827 1104 1896 Qua·

92 1918 276 1975 propter
307 1910 489 1959 Messiae
523 1914 679 1960 unctio
725 1913 844 1960 nihil
882 1914 1108 1977 signifieat

95 1991 221 2039 aliud
257 2008 395 2056 quam
435 1992 708 2041 effusionem
743 1993 973 2042 donorum
1002 1993 1109 2059 Spi-

98 2073 212 2120 ritus
238 2070 290 2121 S.
317 2074 404 2137 ipsi
432 2072 644 2122 collatam
666 2111 680 2134 ,
712 2083 767 2122 ut
797 2092 879 2123 suo
916 2092 1110 2123 munere

101 2151 364 2216 fungeretur
381 2190 396 2213 ‚
425 2163 561 2218 prout
581 2155 744 2220 legitur
771 2155 833 2205 Is.
869 2168 961 2219 ιη
985 2173 1004 2205 1
1026 2193 1040 2218 ‚
1067 2166 1110 2206 et

111 2233 162 2279 in
196 2232 420 2297 baptismo
438 2272 451 2294 ,
490 2235 650 2284 saltem
675 2237 838 2302 quoad
877 2231 1108 2286 externam

112 2315 409 2376 missionem,
442 2315 595 2364 locum
616 2317 794 2366 habuit.
813 2318 911 2368 Cfr.
953 2319 1110 2384 Heng-

110 2394 349 2459 stenherg‚
381 2395 468 2444 loe.
499 2399 580 2444 cit.
609 2414 715 2461 pag.
745 2396 846 2461 444
871 2409 918 2447 et
945 2415 1110 2465 seqq.;

110 2474 197 2523 cfr.
231 2478 367 2523 etiam
395 2475 550 2524 Scholl
577 2480 626 2524 in
656 2477 920 2528 Commeat.
949 2478 1006 2527 de
1027 2497 1113 2527 ιη

110 2554 448 2619 hebd.Dauiel,
462 2557 737 2607 Franoof.ad
748 2554 1061 2625 Ηωεια-ωἶιῧό
1074 2577 1089 2607 ι
1103 2597 1112 2608 .

179 2636 241 2700 (l)
278 2636 519 2703 Pes-peram
549 2638 792 2688 Bet-thome
827 2643 877 2689 in
904 2640 1114 2689 Daniele

114 2735 218 2765 eum
245 2720 433 2786 reliquis
466 2724 823 2770 non-messianis
853 2724 1115 2788 interpreti--

113 2798 201 2846 bus
215 2811 405 2849 conatur
420 2804 628 2852 evincere
644 2819 723 2868 per
747 2805 874 2861 '8922
895 2806 1028 2859 ΠΝ]
1041 2812 1109 2868 72,

116 2888 241 2953 quod
258 2899 325 2937 est
343 2885 547 2938 Messias
565 2891 802 2957 Princeps
818 2930 832 2953 ,
858 2895 1115 2958 principem

116 2980 382 3019 extraneum
417 2972 661 3038 designari.
690 2971 877 3022 Etenim
921 2983 966 3022 1⁰
992 2975 1116 3024 bona

117 3049 190 3113 (v.
218 3049 308 3114 24)
354 3053 562 3116 praedicta
595 3053 770 3120 ubique
803 3057 854 3103 in
886 3057 1146 3121 prophetis

118 3131 176 3180 de
205 3143 410 3197 tempore
435 3133 662 3183 Messiano
691 3135 944 3201 dicuntur-3
971 3140 1008 3186 si
1030 3139 1117 3202 igi-

118 3222 193 3260 tur
231 3215 299 3262 ibi
330 3231 481 3263 sermo
513 3226 588 3265 est
619 3217 679 3265 de
718 3231 823 3282 rege
845 3254 858 3277 ‚
910 3222 990 3285 qui
1023 3221 1122 3267 *cir-

120 3303 174 3340 cu
205 3297 375 3344 exitum
419 3312 520 3345 mx
563 3298 867 3347 hebdomadae
902 3310 1120 3349 venturus

123 3383 246 3434 emt,
276 3387 395 3440 putet
415 3391 524 3426 eum
550 3378 688 3443 paule
715 3390 820 3429 ante
839 3381 1117 3432 effusionem

123 3451 349 3505 bonorum
371 3447 561 3508 illorum
588 3464 745 3510 venire
765 3461 974 3511 debuisse
988 3497 1001 3524 ,
1037 3480 1123 3513 nec

123 3535 314 3600 proinde
346 3536 419 3587 his
456 3541 606 3590 uerbis
653 3542 909 3609 quidquam
946 3547 1122 3611 signifi-

122 3619 215 3664 oari
251 3627 410 3682 praeter
445 3621 635 3671 *illorum
679 3624 909 3674 bonorum
962 3638 1124 3677 auoto-

1186 1686 1299 1719 rem.
1330 1678 1382 1717 2⁰
1403 1669 1555 1719 Nexus
1583 1669 1776 1719 causalis
1805 1674 1924 1721 inter
1950 1691 2196 1739 personam

1186 1761 1231 1799 et
1270 1751 1639 1800 distributionem
1690 1748 1921 1801 honorum
1964 1755 2198 1806 indicatur

1185 1848 1267 1896 per
1314 1832 1593 1882 vocabulum
1655 1834 1847 1892 ΓΡΨῙΩ
1869 1877 1883 1900 ‚
1947 1836 2086 1888 relate
2139 1840 2199 1889 ad

1186 1891 1387 1990 ΠΨῩΩ17
1425 1924 1470 1962 et
1502 1917 1719 1998 ΕΥΨἼΡ
1744 1926 1898 2002 ΨἺΡ
1916 1959 1931 1981 .
1955 1923 2092 1975 Porro
2119 1945 2200 1993 per

1187 1999 1558 2051 Sanctissimum
1600 2009 1843 2072 significari
1872 2012 2090 2063 Messiam
2123 2020 2199 2083 ip-

1190 2096 1291 2130 sum
1320 2081 1533 2148 pluribus
1552 2088 1865 2140 ostendimus.
1893 2095 1948 2144 3⁰
1962 2095 2199 2160 Quemad—

1191 2164 1305 2212 dum
1336 2166 1465 2222 *8922
1495 2184 1590 2215 non
1621 2168 1825 2221 excludit
1854 2175 2123 2227 relationem
2143 2173 2203 2230 ad

1194 2252 1439 2313 Messiam‚
1485 2266 1591 2303 oum
1623 2256 1680 2304 de
1709 2259 1789 2307 illo
1827 2265 1995 2326 pariter
2024 2266 2204 2318 dicatur

1192 2334 1250 2382 1³.
1274 2333 1438 2399 1v‚4‚
1459 2337 1727 2406 sicut-tw,
1748 2340 1901 2402 Is.1x,
1918 2344 1973 2409 65
1992 2326 2200 2417 bium,

1193 2422 1338 2472 Mich.
1374 2444 1431 2487 v,
1471 2445 1528 2492 13
1565 2433 1765 2495 QUWJ,
1818 2430 1987 2483 Ezech.
2034 2454 2201 2502 xxxlv,

1195 2510 1294 2574 24,
1325 2515 1388 2561 ita
1424 2532 1511 2563 nec
1543 2519 1735 2577 me
1756 2560 1770 2583 ‚
1811 2522 1938 2585 qnod
1977 2540 2024 2571 se
2063 2525 2206 2576 habet

1194 2597 1251 2645 ad
1283 2602 1413 2658 *ΡΗ
1441 2605 1557 2651 sieut
1582 2607 1778 2670 speciale
1806 2607 1865 2655 ad
1894 2612 2104 2674 generale
2123 2651 2137 2673 ‚
2156 2624 2204 2664 et

1195 2699 1347 2754 aperte
1362 2689 1574 2740 Messiam
1588 2696 1783 2758 respicit.
1797 2695 1991 2747 Inservit
2001 2718 2204 2769 namque

1195 2768 1256 2818 ad
1270 2771 1375 2830 hoe,
1395 2783 1445 2820 ut
1461 2791 1542 2839 per
1560 2775 1690 2832 “8922
1713 2776 1977 2842 designetur
1990 2784 2202 2851 princeps

1186 2854 1527 2925 'theoeratieus3
1561 2864 1648 2912 cfr.
1685 2880 1703 2911 1
1728 2864 1838 2930 Reg.
1869 2883 1932 2927 x,
1989 2886 2033 2918 1.
2070 2871 2205 2922 Nun-

1196 2960 1336 3007 quam
1349 2960 1554 3014 paganus
1567 2963 1643 2995 rex
1665 2949 1728 2995 ita
1742 2959 1946 3011 vocatus,
1965 2970 2058 3018 qua
2081 2957 2203 3007 talis.

1195 3022 1265 3072 De
1293 3023 1414 3097 Cyro
1442 3026 1590 3075 solum
1610 3064 1624 3087 ‚
1656 3028 1717 3078 Is.
1752 3048 1837 3079 nv
1856 3068 1869 3092 ,
1921 3049 1938 3080 1
1964 3070 1977 3093 ‚
2018 3036 2204 3097 an

1197 3111 1386 3178 legitur,
1411 3125 1510 3163 tum
1527 3115 1587 3164 ob
1608 3119 1949 3182 specialissimas
1966 3124 2207 3176 relationes

1199 3198 1298 3261 ejus
1336 3197 1395 3244 ad
1435 3197 1768 3263 theoct-atiani,
1803 3212 1901 3251 tum
1939 3204 1999 3254 ob
2021 3208 2147 3259 dona
2182 3228 2208 3259 a

1199 3275 1296 3325 Deo
1312 3279 1400 3342 ipsi
1425 3279 1585 3328 collata
1607 3280 1664 3328 ad
1682 3280 1948 3334 Judaeorum
1978 3289 2172 3338 salutem
2190 3327 2204 3351 ‚

1201 3367 1300 3406 tum
1334 3359 1393 3407 ob
1424 3362 1555 3409 initia
1582 3365 1852 3428 cognitionis
1881 3371 1972 3417 veri
2006 3370 2127 3435 Dei5
2154 3391 2210 3422 ex

1202 3457 1286 3488 suo
1315 3441 1496 3491 demeto
1522 3443 1639 3507 (cfr.
1668 3459 1705 3492 11
1736 3446 1945 3514 paralip,
1967 3468 2068 3516 cap.
2097 3453 2210 3518 ult.;

1202 3520 1337 3571 Esdr.
1367 3537 1386 3570 1
1406 3558 1420 3585 ‚
1452 3521 1546 3587 2),
1578 3534 1678 3574 tum
1708 3528 1768 3575 ob
1797 3532 1998 3595 typicam
2027 3531 2214 3584 relatio-

1204 3593 1312 3652 nem
1346 3604 1403 3652 ad
1435 3602 1666 3656 Christum
1685 3608 1916 3659 Messiam.
1942 3612 2044 3663 Imo
2065 3627 2118 3665 ut
2136 3635 2215 3667 rex

1205 3685 1506 3735 theocraticus
1538 3690 1817 3740 considerari
1843 3703 1995 3757 potest
2012 3735 2026 3759 ‚
2059 3707 2107 3747 et
2133 3712 2215 3765 pro

1921 3797 1984 3860 4.
