2534 4088
2078 118 2194 179 385

626 143 745 180 CAP.
787 143 868 181 lv.
914 141 982 178 DE
1023 140 1410 191 RELIQUIARUM
1453 139 1654 177 CULTU.

94 304 223 344 mus
251 293 376 344 erat
403 303 474 343 ex
509 291 720 341 natura
753 302 855 340 sua
883 280 1272 342 venerationis
1305 290 1366 340 et
1392 277 1743 339 adorationis
1777 278 2009 360 gradus·
2048 280 2196 341 Con-

92 379 454 440 cludendum
488 376 686 458 ..igitur
708 420 724 450 7
769 396 844 436 ex
889 374 980 434 his
1037 373 1307 434 omnibus
1348 373 1591 455 aliisque
1633 394 1756 433 non
1796 375 1991 456 paucis
2013 421 2030 451 7
2074 397 2200 458 quae

94 473 390 548 consulto-7
420 493 498 532 ne
519 470 745 551 longior
772 470 884 529 sim
904 515 921 545 7
948 469 1178 529 silentio
1208 479 1488 551 praetereo
1511 513 1528 543 7
1564 467 1756 548 colligi
1783 515 1800 545 7
1828 480 1930 528 aut
1958 471 2201 532 univer-

95 590 218 627 sam
243 566 553 627 Ecclesiam
582 563 654 623 ab
679 566 805 646 ipso
830 585 956 625 aevo
982 563 1296 646 apostolico
1318 609 1334 638 7
1368 583 1432 621 ac
1453 561 1700 644 proinde
1730 562 1803 622 ab
1835 563 2203 627 institutione

95 684 198 722 sua
218 707 235 738 7
270 659 637 720 idololatram
683 680 746 718 ac
778 659 1239 741 superstitiosam
1277 656 1451 716 fuisse
1475 701 1491 727 7
1544 656 1703 737 quod
1741 678 1850 718 nec
1889 658 2204 721 adversarii

96 755 416 815 admittunt
434 800 451 831 7
482 765 582 814 aut
610 754 768 836 piam
795 764 1171 835 sanctamque
1209 772 1332 812 esse
1357 770 1649 809 sacrarum
1687 751 2064 834 reliquiarum
2097 751 2204 816 ve-

95 851 461 911 nerationem
484 895 500 925 7
530 871 707 932 quam
745 870 816 909 ex
853 848 1165 930 apostolica
1188 844 1499 933 traditione
1533 866 1763 928 semper
1788 847 2033 909 Ecclesia
2073 872 2205 932 pro-

97 946 242 1005 fessa
271 955 378 1005 est.
1150 1009 1154 1012 .

179 1039 281 1098 90.
330 1039 420 1099 Ad
459 1039 583 1099 haec
633 1037 850 1098 accedit
891 1036 1038 1095 ratio
1077 1035 1202 1115 ipsa
1226 1078 1243 1108 7
1289 1055 1416 1116 quae
1459 1056 1531 1094 ex
1581 1035 1789 1095 intima
1830 1038 1914 1097 rei
1955 1050 2204 1112 natura,

97 1146 273 1216 atque
316 1156 388 1194 ex
429 1133 725 1194 communi
764 1126 1073 1190 hominum
1116 1150 1291 1188 sensu
1332 1151 1398 1189 ac
1440 1130 1649 1210 agendi
1700 1131 1923 1192 ratione
1963 1135 2202 1214 petitur.

100 1227 460 1310 Impossibile
480 1228 638 1287 enim
669 1236 791 1300 est7
824 1234 890 1283 ut
917 1223 1254 1306 quempiam
1278 1223 1352 1283 ob
1390 1224 1555 1284 dotes
1574 1270 1591 1299 7
1630 1225 1839 1307 quibus
1861 1227 2074 1308 fulget7
2111 1243 2211 1290 aut

101 1323 346 1404 gradum
366 1367 383 1399 7
428 1342 602 1404 quem
646 1318 875 1378 obtinet
894 1363 911 1395 7
942 1330 1044 1377 aut
1076 1318 1414 1400 praeclaram
1437 1320 1716 1380 virtutem
1738 1365 1753 1396 7
1791 1342 1906 1401 qua
1948 1323 2174 1383 excellit
2194 1371 2209 1399 7

100 1440 296 1479 amore
332 1428 504 1498 atque
546 1413 972 1474 existimatione
1014 1434 1470 1494 prosequamur7
1521 1415 1665 1495 quin
1708 1415 1882 1474 simul
1918 1417 1980 1475 in
2023 1420 2212 1500 pretio

99 1512 446 1586 habeamus7
475 1532 605 1592 quae
635 1507 709 1568 ad
737 1528 871 1567 eum
901 1517 1168 1590 spectant
1196 1518 1256 1567 et
1284 1512 1409 1586 ejus
1438 1509 1694 1568 excitant
1723 1510 2206 1574 recordationem.

98 1607 290 1684 Quare
325 1605 422 1668 vel
452 1605 562 1686 ipsi
597 1606 993 1663 Protestantes
1029 1623 1257 1661 summo
1286 1602 1478 1661 studio
1509 1602 1618 1662 sibi
1647 1617 1989 1687 comparant
2009 1652 2024 1681 7
2055 1609 2214 1690 quod

98 1702 374 1763 noverint
402 1699 477 1759 ad
510 1699 765 1779 aliquem
796 1697 1247 1757 clarissimorum
1283 1697 1578 1774 virorum7
1617 1700 1718 1780 qui
1746 1721 2018 1780 magnam
2050 1701 2126 1762 de
2150 1724 2212 1763 se

101 1798 428 1856 excitarunt
450 1793 919 1867 admirationem7
937 1791 1287 1873 pertinuisse
1308 1835 1324 1862 7
1354 1811 1418 1849 ac
1435 1791 1507 1851 de
1534 1791 1686 1851 illius
1708 1796 2067 1875 possessione
2090 1796 2210 1876 glo·

102 1892 329 1949 riantur
370 1888 478 1971 (1).
527 1886 744 1961 Quidni
785 1887 960 1966 igitur
999 1885 1158 1945 idem
1197 1885 1448 1944 feramus
1482 1887 1767 1965 judicium
1808 1889 2001 1969 quoad
2041 1890 2208 1967 illos7

72 2007 246 2066 ‘quos
282 1985 554 2047 novimus
580 1982 740 2042 omni
769 1983 986 2044 virtute
1020 1979 1351 2040 excelluisse
1372 2026 1388 2055 7
1427 1991 1486 2039 et
1520 1981 1731 2040 amicos
1764 1983 1869 2041 Dei
1906 1983 2078 2045 fuisse
2098 2031 2114 2060 7
2149 2006 2216 2045 ac

104 2091 383 2160 praeterea
429 2100 560 2138 cum
600 2080 719 2137 Deo
764 2097 1006 2156 regnare
1075 2074 1410 2134 credimus?
1451 2075 1666 2156 Religio
1708 2077 2043 2158 suppeditat
2080 2080 2217 2139 inci-

105 2186 364 2234 tamenta
383 2220 398 2249 7
424 2185 488 2232 ut
518 2173 581 2249 in
609 2172 793 2255 pretio
827 2170 1143 2231 habeamus
1173 2171 1519 2229 Sanctorum
1551 2171 1788 2232 exuvias
1809 2216 1824 2246 7
1853 2171 2044 2252 qualia
2071 2196 2214 2256 pro-

103 2270 252 2354 fecto
288 2268 450 2329 nulla
491 2267 600 2326 alia
639 2277 740 2325 aut
774 2265 1006 2324 moralis
1046 2275 1145 2323 aut
1191 2263 1423 2344 politica
1471 2266 1658 2326 virtus
1697 2262 2071 2347 suppeditare
2112 2290 2191 2350 po

104 2376 238 2423 test.
264 2367 444 2424 Docet
469 2364 628 2422 enim
657 2383 763 2420 nos
784 2406 800 2435 7
833 2381 928 2419 eas
948 2359 1025 2418 ad
1049 2358 1176 2417 illos
1200 2367 1516 2439 spectasse7
1546 2359 1646 2439 qui
1669 2359 1802 2420 viva
1821 2364 1947 2437 jam
1976 2361 2216 2421 fuerunt

105 2459 367 2519 membra
395 2458 606 2518 Christi
629 2459 768 2516 Jesu
793 2476 857 2514 ac
880 2452 1101 2536 templa
1130 2453 1375 2534 Spiritus
1407 2453 1600 2511 Sancti
1619 2498 1634 2526 7
1664 2473 1767 2518 eas
1788 2452 1926 2512 olim
1955 2454 2078 2515 fore
2109 2477 2214 2516 ex-

104 2553 363 2615 citendas
383 2598 400 2629 7
424 2565 490 2612 ut
513 2573 628 2611 una
654 2573 787 2610 cum
810 2548 1113 2609 animabus
1136 2550 1197 2606 in
1216 2547 1374 2608 coelis
1397 2546 1572 2632 gloria
1594 2558 1810 2607 aeterna
1835 2562 2212 2611 coronentur.

104 2634 418 2711 Promovet
433 2658 713 2730 praeterea
728 2645 1106 2727 reliquiarum
1123 2663 1414 2702 sacrarum
1432 2642 1618 2701 cultus
1633 2644 1695 2701 in
1718 2642 1932 2703 Christi
1946 2644 2213 2705 fidelibus

106 2743 315 2806 ardens
343 2743 603 2804 studium
628 2744 865 2801 Sanctos
892 2738 1181 2799 imitandi.
1209 2739 1359 2797 Hinc
1381 2740 1534 2798 Deus
1557 2739 1680 2820 ipse
1705 2737 1782 2797 ad
1805 2738 1964 2799 hunc
1988 2740 2211 2802 cultum

106 2933 258 2982 osculo
286 2932 441 2981 scribit
473 2949 486 2980 ε
517 2931 587 2980 Le
613 2932 772 2980 baiser
790 2932 871 2996 sut
895 2931 1009 2979 chez
1042 2929 1109 2978 les

104 3016 302 3063 anciem
332 3013 554 3064 idoldtres
586 3030 682 3062 une
718 3013 799 3061 dea
826 3012 1108 3061 ceremonias

105 3095 162 3142 de
191 3093 478 3144 l'adoration
493 3114 516 3156 ;
550 3105 596 3144 et
622 3113 726 3160 pag.
756 3093 854 3143 663
882 3114 893 3143 ε
927 3094 1004 3142 La
1033 3097 1107 3141 ce-

105 3177 315 3224 remonia
344 3176 401 3224 de
429 3176 587 3226 baiser
607 3177 843 3243 jusqu’au
867 3180 994 3242 pave
1027 3176 1108 3223 des

102 3256 292 3322 temples
331 3259 446 3306 &tait
484 3258 526 3306 le
559 3258 672 3325 plus
714 3258 833 3306 haut
874 3257 1012 3322 deqre
1048 3257 1106 3304 de

104 3338 424 3398 l'adoration7
456 3346 502 3386 et
535 3338 583 3388 Ia
612 3339 728 3405 plus
754 3339 988 3406 profimde
1016 3338 1106 3387 Imss

105 3418 350 3467 miliation
385 3421 447 3468 οὐ
482 3436 579 3467 u-ne
603 3437 728 3485 pure
761 3425 975 3470 creature
1006 3421 1107 3468 rai-

106 3498 327 3548 sonnable
348 3503 443 3565 pat
471 3500 738 3549 descendre.

174 3582 245 3646 (l)
278 3581 487 3646 Profecto
500 3618 518 3645 7
537 3600 644 3632 cum
660 3585 746 3648 ipsi
760 3585 810 3632 in
830 3583 1012 3632 Italiam
1031 3599 1106 3631 ve-

270 3676 336 3734 T.
383 3678 475 3735 IV.

1202 2931 1341 2978 niunt
1356 2967 1369 2991 7
1388 2948 1551 2995 magua
1568 2929 1808 2979 sedulitate
1820 2931 2052 2995 inquirere
2066 2931 2219 2981 solent

1203 3011 1380 3077 aliquid
1421 3029 1481 3061 ex
1517 3014 1572 3060 iis
1592 3049 1606 3072 7
1646 3028 1746 3077 quae
1786 3008 1897 3059 olim
1940 3011 2000 3061 ad
2038 3012 2216 3080 aliquot

1203 3096 1571 3158 praestantiorum
1607 3095 1809 3141 virorum
1849 3095 2214 3160 pertinuerunt;

1202 3174 1316 3224 adeo
1357 3182 1412 3223 ut
1453 3191 1609 3224 secum
1650 3174 1860 3223 deferant
1899 3175 1970 3224 vel
2007 3177 2215 3241 ipsorum

1201 3256 1343 3306 libros
1356 3291 1372 3318 7
1393 3258 1465 3306 vel
1491 3256 1720 3306 chartulas
1737 3293 1751 3317 7
1771 3266 1852 3305 aut
1872 3259 2178 3310 instrumenta
2192 3296 2207 3319 ,

1201 3340 1296 3386 imo
1327 3341 1464 3387 etiam
1492 3339 1728 3404 quidpiam
1758 3341 1944 3404 parietis
1983 3354 2038 3388 cx
2075 3340 2212 3389 cubi-

1203 3419 1307 3467 culo
1328 3454 1343 3481 7
1381 3421 1505 3485 quod
1542 3420 1610 3468 illi
1645 3421 1970 3481 incoluerunt,
2003 3431 2084 3471 aut
2121 3422 2210 3471 ali·

1204 3500 1318 3564 quid
1346 3499 1593 3566 ejusmodi.

1897 3672 1977 3729 25
