2534 4088
221 210 259 266 4
890 232 1087 269 'rimor
1138 232 1205 265 nn
1251 230 1688 269 chRNATmNE.

229 373 542 434 felicissimi
570 419 586 447 a
614 374 776 455 quasi
801 391 989 430 aureae
1010 372 1194 430 aetatis
1214 393 1245 429 a
1278 367 1580 454 prophetis
1602 373 1755 433 varie
1774 372 2078 455 descriptae
2101 386 2157 433 et
2184 381 2341 456 genti

210 469 460 548 judaicae
477 470 807 551 promissae,
826 477 955 524 tum
974 467 1226 525 maxime
1253 465 1407 525 illius
1431 490 1702 528 verorum
1732 469 1836 527 Dei
1852 468 2141 527 cultorum
2167 472 2340 531 socie-

218 566 353 625 tatis
375 565 452 624 ad
474 565 719 624 honeste
740 561 1024 643 beateque
1044 561 1366 622 vivendum
1382 562 1445 620 in
1469 574 1759 623 terrarum
1777 562 1917 623 orbe
1938 564 2340 641 instituendae,

216 673 277 720 et
303 661 366 719 in
394 660 512 721 vita
551 659 746 716 futura
776 657 1187 717 continuandae
1222 678 1494 738 novaque
1530 658 1803 718 felicitate
1834 658 2143 734 ornandae3
2180 665 2341 739 cujus

215 758 336 838 spei
371 754 594 813 semina
621 753 683 811 in
715 754 784 813 V.
833 754 898 811 T.
935 751 1098 811 libris
1129 750 1328 834 sparsa
1355 753 1735 834 reperiuntur
1757 755 1871 836 (l).

294 850 352 909 8.
390 851 468 907 Ut
490 849 665 928 igitur
689 848 974 926 ejusmodi
1001 851 1350 907 commentis
1380 848 1615 909 obviam
1636 869 1846 907 eamus
1866 894 1882 924 .,
1914 859 1975 908 et
1995 849 2341 910 fundamen-

213 959 339 1004 tum
370 943 768 1026 praejaciamus
797 965 1000 1002 eorum
1021 989 1036 1018 ,
1065 963 1194 1024 quae
1223 944 1286 1001 in
1312 944 1492 1024 priori
1517 943 1688 1022 hujus
1717 955 1996 1004 tractatus
2028 958 2195 1027 parte
2229 946 2340 1006 dis-

212 1039 499 1123 ceptanda
526 1051 701 1099 erunt
722 1086 737 1115 7
767 1039 882 1098 duo
910 1062 941 1099 a
970 1038 1137 1098 nobis
1181 1038 1590 1107 constituenda
1634 1051 1772 1098 sunt
1804 1062 1816 1096 t
1853 1045 2077 1119 primo
2100 1041 2338 1122 quidem

211 1134 644 1196 ostendendum
670 1145 795 1210 est,
840 1135 1095 1216 aliquem
1134 1135 1410 1194 Messiam
1440 1134 1614 1194 fuisse
1652 1155 1684 1193 a
1728 1137 1854 1193 Deo
1884 1136 2236 1217 promissum
2283 1142 2342 1198 et

212 1231 421 1314 quovis
446 1243 713 1312 tempore
734 1229 807 1289 ab
830 1229 1084 1290 Hebraeis
1101 1241 1504 1312 expectatum3
1525 1231 1780 1288 secundo
1801 1232 2156 1312 promissum
2181 1232 2340 1292 hunc

210 1328 479 1388 Messiam
510 1325 867 1408 peculiarem
895 1372 910 1401 7
948 1327 1190 1385 unicum
1227 1347 1292 1385 ac
1328 1325 1786 1385 determinatum
1815 1348 1957 1386 esse.
2007 1330 2338 1388 Postremus

210 1424 368 1484 enim
407 1444 607 1494 error,
651 1423 753 1504 qui
784 1433 1052 1483 versatur
1099 1425 1248 1481 circa
1291 1423 1509 1481 Messiae
1545 1421 1888 1503 qualitatem
1916 1468 1931 1497 7
1980 1424 2338 1483 commodius

212 1519 563 1597 disjicietur‚
594 1540 726 1578 cum
756 1514 1018 1578 recurret
1048 1539 1240 1577 sermo
1268 1516 1341 1577 de
1370 1517 1633 1596 ejusdem
1655 1518 1870 1577 muniis
1904 1529 1963 1576 et
1987 1518 2210 1578 officiis,

1057 1714 1467 1769 PROPOSITIO
1505 1715 1550 1766 1.

280 1846 525 1924 Aliquis
567 1843 815 1905 Messias
848 1846 985 1922 ficit
1021 1865 1061 1901 a
1105 1844 1225 1903 Deo
1267 1849 1337 1902 in
1379 1845 1496 1923 leqe
1528 1845 1872 1922 'promissus
1929 1851 1985 1899 et
2023 1846 2228 1920 quovis

732 1950 990 2019 tempore
1032 1940 1111 1999 ah
1155 1939 1440 1999 Hebraeis
1481 1947 1841 2018 expectatus.

282 2122 339 2179 9.
385 2118 605 2201 Aliquis
634 2118 794 2177 enim
822 2119 1055 2178 Messias
1084 2118 1194 2179 fuit
1220 2139 1253 2176 a
1298 2120 1420 2178 Deo
1458 2118 1522 2175 in
1556 2119 1702 2196 Lege
1751 2117 1838 2196 (2)
1874 2115 2192 2197 promissus
2240 2126 2331 2173 at-

205 2237 318 2299 que
343 2213 417 2274 ab
441 2213 697 2274 Hebraeis
721 2214 927 2296 quovis
953 2224 1221 2294 tempore
1258 2222 1595 2295 expectatus
1611 2255 1632 2283 ,
1668 2212 1716 2270 si
1746 2213 1807 2269 1Ο
1832 2211 1893 2270 id
1921 2202 2223 2292 perspicua
2245 2231 2332 2268 os-

204 2310 455 2371 tendant
490 2310 923 2392 Scripturarum
945 2355 959 2384 ,
1007 2309 1331 2392 praesertim
1367 2329 1507 2368 vero
1548 2306 1931 2366 Pentateuchi
1977 2304 2203 2364 oracula
2219 2330 2245 2377 ‚-
2282 2304 2330 2361 si

200 2409 269 2467 2⁰
298 2407 555 2490 idipsum
580 2407 958 2466 confirmetur
986 2426 1058 2465 ex
1082 2415 1367 2487 perpetua
1393 2425 1458 2462 ac
1497 2424 1807 2484 nunquam
1841 2402 2169 2481 interrupta
2207 2398 2327 2457 He·-

198 2503 494 2563 braeorum
517 2514 645 2560 tum
681 2502 1060 2583 antiquorum
1097 2512 1227 2558 tum
1252 2499 1652 2581 ‘recentiorum
1689 2496 2031 2569 traditione,
2071 2514 2180 2553 nec
2204 2515 2324 2552 non

200 2599 512 2659 traditione
540 2598 805 2656 omnium
836 2596 1021 2656 ferme
1048 2595 1427 2678 populorum.

288 2693 384 2752 10.
417 2695 550 2752 Jam
579 2713 719 2753 vero
747 2691 822 2750 ad
845 2692 1276 2773 Scripturarum
1298 2687 1526 2748 oracula
1559 2685 1718 2768 quod
1749 2685 1994 2760 attinet,
2025 2696 2163 2744 nota
2186 2697 2325 2743 sunt

200 2809 327 2872 quae
359 2791 512 2848 Deus
537 2834 553 2864 ‚
598 2790 746 2848 Gen.
780 2788 892 2861 111,
930 2786 1004 2844 15
1029 2832 1045 2861 .,
1090 2785 1351 2867 serpenti
1381 2805 1483 2843 seu
1527 2782 1721 2865 potius
1764 2779 2024 2840 daemoni
2060 2778 2167 2838 sub
2205 2802 2323 2840 ser-

270 2980 340 3045 (l)
378 2979 445 3027 Ita
470 2980 640 3044 passim
664 2975 963 3026 rationalistae
989 2983 1035 3023 et
1055 2973 1217 3022 biblici
1299 2971 1447 3021 mulis
1460 2969 1707 3032 βασίλεως
1735 2968 1876 3034 Θεοῦ,
1912 2981 2027 3030 etc„
2062 2988 2159 3019 non
2185 2972 2322 3021 aliam

202 3064 437 3113 neoterici.
453 3060 556 3109 Cfr.
570 3058 919 3124 Wegscheider‚
933 3055 970 3103 I
967 3065 1058 3105 mc.
1074 3049 1216 3105 theol.
1303 3055 1509 3105 Hebraeis
1524 3055 1664 3119 requi
1679 3050 1871 3102 Meseiae
1889 3053 2039 3101 ideam
2055 3053 2292 3102 inhaesisse
2304 3090 2318 3114 ‚

201 3145 367 3193 christ.
396 3143 555 3208 doqm.
583 3140 610 3208 S
657 3158 747 3189 120
767 3177 781 3201 ‚
829 3158 881 3189 n.
912 3141 997 3204 (i);
1035 3141 1117 3205 qui
1148 3149 1219 3187 ta·
1303 3155 1444 3204 quam
1471 3139 1597 3202 regni
1618 3135 1880 3201 temporalis
1900 3135 2188 3194 theocratici‚
2213 3151 2318 3182 mo·

203 3245 315 3276 men
345 3242 584 3292 perperam
616 3241 698 3288 pro
732 3224 820 3271 hac
852 3223 1074 3271 sententia
1109 3223 1222 3269 citat
1305 3219 1377 3269 dis
1406 3219 1625 3268 omnibus
1645 3221 1855 3268 evincere
1882 3219 2064 3279 nititur3
2097 3226 2160 3276 et,
2193 3216 2322 3282 quod

201 3309 576 3374 Schoettgenium
593 3344 607 3367 ‚
631 3307 713 3372 qui
735 3322 759 3353 e
782 3305 1005 3353 diametro
1024 3305 1110 3368 ipsi
1134 3303 1218 3351 ad·
1303 3304 1447 3368 magia
1473 3303 1672 3361 mireris,
1697 3318 1802 3366 pag.
1838 3297 1951 3359 108,
1971 3299 2093 3348 hanc
2110 3298 2321 3347 eamdem

202 3401 435 3451 versatur,
458 3399 507 3438 ut
527 3398 681 3454 postea
698 3386 972 3435 videbimus.
990 3384 1042 3433 B.
1058 3384 1219 3450 Koppe
1303 3387 1569 3450 opinionem
1601 3381 1770 3432 Jeeum
1799 3382 1960 3448 ipsum
1990 3378 2277 3446 concepisse!

202 3476 253 3521 in
289 3472 425 3521 Novo
465 3471 597 3519 Teet.
630 3484 787 3534 qraeco
807 3504 824 3530 ‚
856 3475 1091 3534 perpetua
1125 3482 1218 3514 an·
1372 3467 1443 3531 (2)
1476 3466 1575 3515 Sub
1607 3464 1807 3533 generali
1834 3464 1980 3529 Leqis
2012 3465 2202 3511 nomine
2222 3500 2235 3522 ,
2270 3471 2323 3510 ut

200 3557 445 3604 notatione
483 3551 721 3601 illustrato
745 3590 758 3612 ‚
801 3550 1007 3618 Gotting.
1057 3565 1174 3616 ¹79¹
1205 3587 1218 3609 ‚
1304 3558 1469 3598 notum
1513 3557 1582 3598 est
1609 3584 1624 3609 ,
1668 3549 1862 3596 veniunt
1901 3548 2110 3613 quinque
2151 3544 2321 3610 Moysis

204 3638 300 3685 vol.
333 3654 379 3685 vt
404 3673 416 3696 ‚
446 3653 638 3684 excursu
678 3650 692 3681 ε
720 3669 734 3697 ,
755 3633 812 3681 ad
841 3633 960 3698 Epp.
988 3631 1047 3681 ad
1075 3631 1221 3679 Thes·
1304 3631 1442 3691 libri,
1474 3641 1614 3699 atque
1644 3630 1734 3679 boc
1764 3645 1905 3679 semu
1928 3628 2181 3677 adstruitur
2210 3641 2320 3693 pro—

195 3720 286 3768 sal.
325 3717 404 3766 De
433 3733 578 3782 reqno
602 3716 787 3766 Christi
823 3716 880 3764 in
917 3713 982 3764 N.
1032 3713 1096 3764 T.
1119 3713 1223 3777 for·
1304 3714 1485 3778 positio.
