<?xml version="1.0" encoding="UTF-8"?>
<!DOCTYPE html PUBLIC "-//W3C//DTD XHTML 1.0 Transitional//EN"
    "http://www.w3.org/TR/xhtml1/DTD/xhtml1-transitional.dtd">
<html xmlns="http://www.w3.org/1999/xhtml" xml:lang="en" lang="en">
 <head>
  <title>
</title>
<meta http-equiv="Content-Type" content="text/html;charset=utf-8" />
  <meta name='ocr-system' content='tesseract 3.04.00' />
  <meta name='ocr-capabilities' content='ocr_page ocr_carea ocr_par ocr_line ocrx_word'/>
</head>
<body>
  <div class='ocr_page' id='page_1' title='image "a603693804perruoft_0094.png"; bbox 0 0 2534 4088; ppageno 0'>
   <div class='ocr_carea' id='block_1_1' title="bbox 333 211 410 270">
    <p class='ocr_par' dir='ltr' id='par_1_1' title="bbox 333 211 410 270">
     <span class='ocr_line' id='line_1_1' title="bbox 333 211 410 270; baseline -0.013 0"><span class='ocrx_word' id='word_1_1' title='bbox 333 211 410 270; x_wconf 83' lang='lat'>86</span> 
     </span>
    </p>
   </div>
   <div class='ocr_carea' id='block_1_2' title="bbox 1010 233 1804 275">
    <p class='ocr_par' dir='ltr' id='par_1_2' title="bbox 1010 233 1804 275">
     <span class='ocr_line' id='line_1_2' title="bbox 1010 233 1804 275; baseline 0.009 -7"><span class='ocrx_word' id='word_1_2' title='bbox 1010 233 1211 270; x_wconf 65' lang='lat' dir='ltr'>TRAG&#39;L</span> <span class='ocrx_word' id='word_1_3' title='bbox 1252 235 1320 271; x_wconf 75' lang='lat' dir='ltr'>DE</span> <span class='ocrx_word' id='word_1_4' title='bbox 1362 237 1782 275; x_wconf 74' lang='lat' dir='ltr'><strong>INCARNA&#39;HONE</strong></span> <span class='ocrx_word' id='word_1_5' title='bbox 1792 262 1804 274; x_wconf 84' lang='lat'><strong>·</strong></span> 
     </span>
    </p>
   </div>
   <div class='ocr_carea' id='block_1_3' title="bbox 325 371 2470 2469">
    <p class='ocr_par' dir='ltr' id='par_1_3' title="bbox 325 371 2470 1221">
     <span class='ocr_line' id='line_1_3' title="bbox 333 371 2463 461; baseline 0.004 -27"><span class='ocrx_word' id='word_1_6' title='bbox 333 374 598 456; x_wconf 84' lang='lat' dir='ltr'>accipere</span> <span class='ocrx_word' id='word_1_7' title='bbox 618 419 639 448; x_wconf 85' lang='lat'>7</span> <span class='ocrx_word' id='word_1_8' title='bbox 666 395 788 435; x_wconf 85' lang='lat' dir='ltr'>non</span> <span class='ocrx_word' id='word_1_9' title='bbox 821 371 1135 434; x_wconf 83' lang='lat' dir='ltr'><strong>abnuimus</strong></span> <span class='ocrx_word' id='word_1_10' title='bbox 1170 373 1235 433; x_wconf 86' lang='lat' dir='ltr'>in</span> <span class='ocrx_word' id='word_1_11' title='bbox 1268 373 1613 457; x_wconf 71' lang='lat' dir='ltr'>hypothesi,</span> <span class='ocrx_word' id='word_1_12' title='bbox 1654 379 1813 461; x_wconf 85' lang='lat' dir='ltr'>quod</span> <span class='ocrx_word' id='word_1_13' title='bbox 1847 378 2037 438; x_wconf 85' lang='lat' dir='ltr'>Judaei</span> <span class='ocrx_word' id='word_1_14' title='bbox 2064 401 2272 441; x_wconf 85' lang='lat' dir='ltr'>verum</span> <span class='ocrx_word' id='word_1_15' title='bbox 2306 382 2463 441; x_wconf 88' lang='lat' dir='ltr'>Mes-</span> 
     </span>
     <span class='ocr_line' id='line_1_4' title="bbox 333 468 2465 551; baseline 0.004 -22"><span class='ocrx_word' id='word_1_16' title='bbox 333 473 482 530; x_wconf 87' lang='lat' dir='ltr'>siam</span> <span class='ocrx_word' id='word_1_17' title='bbox 530 468 906 548; x_wconf 64' lang='lat' dir='ltr'>agnovissent</span> <span class='ocrx_word' id='word_1_18' title='bbox 935 511 952 540; x_wconf 86' lang='lat'>‚</span> <span class='ocrx_word' id='word_1_19' title='bbox 997 468 1091 528; x_wconf 82' lang='lat' dir='ltr'>vel</span> <span class='ocrx_word' id='word_1_20' title='bbox 1135 468 1405 550; x_wconf 85' lang='lat' dir='ltr'>quando,</span> <span class='ocrx_word' id='word_1_21' title='bbox 1449 484 1526 533; x_wconf 25' lang='lat' dir='ltr'>ut]</span> <span class='ocrx_word' id='word_1_22' title='bbox 1574 474 1849 536; x_wconf 85' lang='lat' dir='ltr'>nonnulli</span> <span class='ocrx_word' id='word_1_23' title='bbox 1891 476 2191 551; x_wconf 84' lang='lat' dir='ltr'>sentiunt,</span> <span class='ocrx_word' id='word_1_24' title='bbox 2240 476 2303 535; x_wconf 91' lang='lat' dir='ltr'>in</span> <span class='ocrx_word' id='word_1_25' title='bbox 2344 478 2465 546; x_wconf 89' lang='lat' dir='ltr'>fine</span> 
     </span>
     <span class='ocr_line' id='line_1_5' title="bbox 332 562 2464 653; baseline 0.004 -29"><span class='ocrx_word' id='word_1_26' title='bbox 332 564 667 625; x_wconf 88' lang='lat' dir='ltr'>seculorum.</span> <span class='ocrx_word' id='word_1_27' title='bbox 694 562 770 626; x_wconf 84' lang='lat' dir='ltr'>ad</span> <span class='ocrx_word' id='word_1_28' title='bbox 797 564 995 653; x_wconf 78' lang='lat' dir='ltr'>ipsum</span> <span class='ocrx_word' id='word_1_29' title='bbox 1018 575 1460 629; x_wconf 84' lang='lat' dir='ltr'>convertentur.</span> <span class='ocrx_word' id='word_1_30' title='bbox 1491 568 1769 650; x_wconf 84' lang='lat' dir='ltr'>Apposite</span> <span class='ocrx_word' id='word_1_31' title='bbox 1805 572 2072 631; x_wconf 84' lang='lat' dir='ltr'>Grotius:</span> <span class='ocrx_word' id='word_1_32' title='bbox 2106 573 2305 633; x_wconf 79' lang='lat' dir='ltr'>Multa</span> <span class='ocrx_word' id='word_1_33' title='bbox 2323 617 2341 646; x_wconf 89' lang='lat'>7</span> <span class='ocrx_word' id='word_1_34' title='bbox 2372 573 2464 632; x_wconf 92' lang='lat' dir='ltr'>in-</span> 
     </span>
     <span class='ocr_line' id='line_1_6' title="bbox 334 661 2464 748; baseline 0.004 -29"><span class='ocrx_word' id='word_1_35' title='bbox 334 661 464 744; x_wconf 90' lang='lat' dir='ltr'>quit</span> <span class='ocrx_word' id='word_1_36' title='bbox 490 705 506 734; x_wconf 84' lang='lat'>7</span> <span class='ocrx_word' id='word_1_37' title='bbox 535 661 1124 740; x_wconf 63' lang='lat' dir='ltr'>Hebmissspromisit</span> <span class='ocrx_word' id='word_1_38' title='bbox 1151 664 1319 723; x_wconf 76' lang='lat' dir='ltr'>Deus</span> <span class='ocrx_word' id='word_1_39' title='bbox 1339 708 1355 736; x_wconf 86' lang='lat'>7</span> <span class='ocrx_word' id='word_1_40' title='bbox 1396 666 1452 722; x_wconf 75' lang='lat' dir='ltr'>si</span> <span class='ocrx_word' id='word_1_41' title='bbox 1493 664 1781 725; x_wconf 70' lang='lat' dir='ltr'>Messium</span> <span class='ocrx_word' id='word_1_42' title='bbox 1819 673 2197 746; x_wconf 69' lang='lat' dir='ltr'>promissum</span> <span class='ocrx_word' id='word_1_43' title='bbox 2236 673 2464 748; x_wconf 78' lang='lat' dir='ltr'>recipe-</span> 
     </span>
     <span class='ocr_line' id='line_1_7' title="bbox 332 760 2470 844; baseline 0.004 -28"><span class='ocrx_word' id='word_1_44' title='bbox 332 768 474 817; x_wconf 69' lang='lat' dir='ltr'>rent</span> <span class='ocrx_word' id='word_1_45' title='bbox 507 760 678 836; x_wconf 71' lang='lat' dir='ltr'>eique</span> <span class='ocrx_word' id='word_1_46' title='bbox 722 762 1055 835; x_wconf 62' lang='lat' dir='ltr'>parerent,</span> <span class='ocrx_word' id='word_1_47' title='bbox 1084 781 1220 837; x_wconf 51' lang='grc' dir='ltr'><em>(μιαν</em></span> <span class='ocrx_word' id='word_1_48' title='bbox 1260 763 1319 817; x_wconf 79' lang='lat' dir='ltr'>si</span> <span class='ocrx_word' id='word_1_49' title='bbox 1355 780 1477 818; x_wconf 72' lang='lat' dir='ltr'>non</span> <span class='ocrx_word' id='word_1_50' title='bbox 1502 764 1827 833; x_wconf 78' lang='lat' dir='ltr'>eveniunt,</span> <span class='ocrx_word' id='word_1_51' title='bbox 1860 763 2087 836; x_wconf 29' lang='lat' dir='ltr'>‚hahent</span> <span class='ocrx_word' id='word_1_52' title='bbox 2115 770 2274 844; x_wconf 78' lang='lat' dir='ltr'>ipsi,</span> <span class='ocrx_word' id='word_1_53' title='bbox 2307 767 2470 843; x_wconf 75' lang='lat' dir='ltr'>quod</span> 
     </span>
     <span class='ocr_line' id='line_1_8' title="bbox 335 853 2465 936; baseline 0.003 -24"><span class='ocrx_word' id='word_1_54' title='bbox 335 853 457 912; x_wconf 76' lang='lat' dir='ltr'>sibi</span> <span class='ocrx_word' id='word_1_55' title='bbox 496 857 816 932; x_wconf 73' lang='lat' dir='ltr'>imputent.</span> <span class='ocrx_word' id='word_1_56' title='bbox 870 854 1163 932; x_wconf 69' lang='lat' dir='ltr'>Quaedam</span> <span class='ocrx_word' id='word_1_57' title='bbox 1209 876 1340 913; x_wconf 73' lang='lat' dir='ltr'>vero</span> <span class='ocrx_word' id='word_1_58' title='bbox 1386 858 1571 914; x_wconf 77' lang='lat' dir='ltr'>etiam</span> <span class='ocrx_word' id='word_1_59' title='bbox 1609 857 1842 936; x_wconf 75' lang='lat' dir='ltr'>definite</span> <span class='ocrx_word' id='word_1_60' title='bbox 1875 869 1930 917; x_wconf 76' lang='lat' dir='ltr'>et</span> <span class='ocrx_word' id='word_1_61' title='bbox 1955 862 2086 918; x_wconf 73' lang='lat' dir='ltr'>sine</span> <span class='ocrx_word' id='word_1_62' title='bbox 2125 860 2465 936; x_wconf 64' lang='lat' dir='ltr'>conditione</span> 
     </span>
     <span class='ocr_line' id='line_1_9' title="bbox 325 951 2462 1035; baseline 0.003 -28"><span class='ocrx_word' id='word_1_63' title='bbox 325 953 669 1028; x_wconf 75' lang='lat' dir='ltr'>promissa,</span> <span class='ocrx_word' id='word_1_64' title='bbox 700 953 761 1008; x_wconf 75' lang='lat' dir='ltr'>si</span> <span class='ocrx_word' id='word_1_65' title='bbox 782 951 1029 1027; x_wconf 72' lang='lat' dir='ltr'>impleta</span> <span class='ocrx_word' id='word_1_66' title='bbox 1067 951 1340 1009; x_wconf 70' lang='lat' dir='ltr'>nondum</span> <span class='ocrx_word' id='word_1_67' title='bbox 1381 962 1525 1010; x_wconf 69' lang='lat' dir='ltr'>sunt</span> <span class='ocrx_word' id='word_1_68' title='bbox 1551 997 1566 1025; x_wconf 88' lang='lat'>7</span> <span class='ocrx_word' id='word_1_69' title='bbox 1622 953 1825 1011; x_wconf 72' lang='lat' dir='ltr'>adhuc</span> <span class='ocrx_word' id='word_1_70' title='bbox 1846 965 2105 1031; x_wconf 71' lang='lat' dir='ltr'>possunt</span> <span class='ocrx_word' id='word_1_71' title='bbox 2141 959 2462 1035; x_wconf 71' lang='lat' dir='ltr'>ewpectari.</span> 
     </span>
     <span class='ocr_line' id='line_1_10' title="bbox 343 1044 2464 1129; baseline 0.004 -26"><span class='ocrx_word' id='word_1_72' title='bbox 343 1044 587 1120; x_wconf 72' lang='lat' dir='ltr'>Constat</span> <span class='ocrx_word' id='word_1_73' title='bbox 612 1048 776 1103; x_wconf 78' lang='lat' dir='ltr'>enim</span> <span class='ocrx_word' id='word_1_74' title='bbox 800 1088 822 1115; x_wconf 83' lang='lat'>,</span> <span class='ocrx_word' id='word_1_75' title='bbox 858 1049 1042 1104; x_wconf 74' lang='lat' dir='ltr'>etiam</span> <span class='ocrx_word' id='word_1_76' title='bbox 1079 1047 1253 1125; x_wconf 79' lang='lat' dir='ltr'>apud</span> <span class='ocrx_word' id='word_1_77' title='bbox 1283 1047 1332 1106; x_wconf 89' lang='lat' dir='ltr'><em>J</em></span> <span class='ocrx_word' id='word_1_78' title='bbox 1331 1048 1530 1105; x_wconf 79' lang='lat' dir='ltr'>udoeos</span> <span class='ocrx_word' id='word_1_79' title='bbox 1547 1090 1570 1118; x_wconf 86' lang='lat'>,</span> <span class='ocrx_word' id='word_1_80' title='bbox 1598 1058 1833 1128; x_wconf 77' lang='lat' dir='ltr'>tempus</span> <span class='ocrx_word' id='word_1_81' title='bbox 1877 1052 1998 1108; x_wconf 74' lang='lat' dir='ltr'>sive</span> <span class='ocrx_word' id='word_1_82' title='bbox 2022 1070 2277 1129; x_wconf 63' lang='lat' dir='ltr'>regnum</span> <span class='ocrx_word' id='word_1_83' title='bbox 2305 1050 2464 1111; x_wconf 82' lang='lat' dir='ltr'>Mes-</span> 
     </span>
     <span class='ocr_line' id='line_1_11' title="bbox 336 1141 1561 1221; baseline 0.003 -24"><span class='ocrx_word' id='word_1_84' title='bbox 336 1143 442 1198; x_wconf 76' lang='lat' dir='ltr'>sioe</span> <span class='ocrx_word' id='word_1_85' title='bbox 461 1186 478 1213; x_wconf 90' lang='lat'>7</span> <span class='ocrx_word' id='word_1_86' title='bbox 516 1141 748 1198; x_wconf 79' lang='lat' dir='ltr'>durare</span> <span class='ocrx_word' id='word_1_87' title='bbox 778 1141 865 1197; x_wconf 79' lang='lat' dir='ltr'>ad</span> <span class='ocrx_word' id='word_1_88' title='bbox 883 1142 1067 1220; x_wconf 76' lang='lat' dir='ltr'>finem</span> <span class='ocrx_word' id='word_1_89' title='bbox 1087 1143 1428 1200; x_wconf 79' lang='lat' dir='ltr'>seculorum</span> <span class='ocrx_word' id='word_1_90' title='bbox 1454 1141 1561 1221; x_wconf 87' lang='lat' dir='ltr'>(l).</span> 
     </span>
    </p>

    <p class='ocr_par' dir='ltr' id='par_1_4' title="bbox 330 1234 2469 2352">
     <span class='ocr_line' id='line_1_12' title="bbox 422 1234 2465 1324; baseline 0.003 -29"><span class='ocrx_word' id='word_1_91' title='bbox 422 1234 560 1295; x_wconf 77' lang='grc'><strong>144.</strong></span> <span class='ocrx_word' id='word_1_92' title='bbox 611 1234 701 1296; x_wconf 89' lang='lat' dir='ltr'>Ad</span> <span class='ocrx_word' id='word_1_93' title='bbox 724 1235 832 1311; x_wconf 76' lang='lat'>5¹¹¹„</span> <span class='ocrx_word' id='word_1_94' title='bbox 873 1236 1099 1297; x_wconf 66' lang='lat' dir='ltr'>Trans.</span> <span class='ocrx_word' id='word_1_95' title='bbox 1135 1236 1422 1298; x_wconf 85' lang='lat' dir='ltr'>Nondum</span> <span class='ocrx_word' id='word_1_96' title='bbox 1456 1239 1618 1297; x_wconf 88' lang='lat' dir='ltr'>enim</span> <span class='ocrx_word' id='word_1_97' title='bbox 1645 1237 2016 1322; x_wconf 82' lang='lat' dir='ltr'>exploratum</span> <span class='ocrx_word' id='word_1_98' title='bbox 2043 1251 2131 1300; x_wconf 88' lang='lat' dir='ltr'>est</span> <span class='ocrx_word' id='word_1_99' title='bbox 2149 1287 2165 1315; x_wconf 97' lang='lat'>7</span> <span class='ocrx_word' id='word_1_100' title='bbox 2191 1241 2335 1324; x_wconf 85' lang='lat' dir='ltr'>quid</span> <span class='ocrx_word' id='word_1_101' title='bbox 2358 1262 2465 1323; x_wconf 86' lang='lat' dir='ltr'>per</span> 
     </span>
     <span class='ocr_line' id='line_1_13' title="bbox 336 1331 2465 1417; baseline 0.002 -26"><span class='ocrx_word' id='word_1_102' title='bbox 336 1331 567 1392; x_wconf 86' lang='lat' dir='ltr'>cladem</span> <span class='ocrx_word' id='word_1_103' title='bbox 603 1333 728 1411; x_wconf 82' lang='lat' dir='ltr'>Gog</span> <span class='ocrx_word' id='word_1_104' title='bbox 774 1343 833 1391; x_wconf 89' lang='lat' dir='ltr'>et</span> <span class='ocrx_word' id='word_1_105' title='bbox 879 1333 1084 1411; x_wconf 79' lang='lat' dir='ltr'>Magog</span> <span class='ocrx_word' id='word_1_106' title='bbox 1137 1332 1398 1392; x_wconf 82' lang='lat' dir='ltr'><strong>Ezechiel</strong></span> <span class='ocrx_word' id='word_1_107' title='bbox 1442 1334 1786 1395; x_wconf 85' lang='lat' dir='ltr'>intenderit.</span> <span class='ocrx_word' id='word_1_108' title='bbox 1831 1336 1942 1394; x_wconf 90' lang='lat' dir='ltr'>Tot</span> <span class='ocrx_word' id='word_1_109' title='bbox 1984 1357 2137 1417; x_wconf 90' lang='lat' dir='ltr'>pene</span> <span class='ocrx_word' id='word_1_110' title='bbox 2167 1337 2317 1396; x_wconf 89' lang='lat' dir='ltr'>circa</span> <span class='ocrx_word' id='word_1_111' title='bbox 2353 1336 2465 1396; x_wconf 91' lang='lat' dir='ltr'>hoc</span> 
     </span>
     <span class='ocr_line' id='line_1_14' title="bbox 333 1427 2467 1512; baseline 0.001 -24"><span class='ocrx_word' id='word_1_112' title='bbox 333 1427 678 1488; x_wconf 78' lang='lat' dir='ltr'>vaticinium</span> <span class='ocrx_word' id='word_1_113' title='bbox 743 1439 1132 1488; x_wconf 79' lang='lat' dir='ltr'>numerantur</span> <span class='ocrx_word' id='word_1_114' title='bbox 1205 1429 1517 1489; x_wconf 86' lang='lat' dir='ltr'>sententiae</span> <span class='ocrx_word' id='word_1_115' title='bbox 1560 1475 1581 1504; x_wconf 84' lang='lat'>7</span> <span class='ocrx_word' id='word_1_116' title='bbox 1642 1442 1788 1512; x_wconf 90' lang='lat' dir='ltr'>quot</span> <span class='ocrx_word' id='word_1_117' title='bbox 1862 1430 2214 1512; x_wconf 80' lang='lat' dir='ltr'>interpretes</span> <span class='ocrx_word' id='word_1_118' title='bbox 2257 1477 2273 1506; x_wconf 89' lang='lat'>7</span> <span class='ocrx_word' id='word_1_119' title='bbox 2343 1454 2467 1491; x_wconf 91' lang='lat' dir='ltr'>non</span> 
     </span>
     <span class='ocr_line' id='line_1_15' title="bbox 333 1521 2466 1607; baseline 0.001 -24"><span class='ocrx_word' id='word_1_120' title='bbox 333 1522 528 1583; x_wconf 86' lang='lat' dir='ltr'>solum</span> <span class='ocrx_word' id='word_1_121' title='bbox 572 1521 732 1604; x_wconf 88' lang='lat' dir='ltr'>apud</span> <span class='ocrx_word' id='word_1_122' title='bbox 769 1522 1164 1598; x_wconf 81' lang='lat' dir='ltr'>Christianos,</span> <span class='ocrx_word' id='word_1_123' title='bbox 1206 1545 1419 1586; x_wconf 84' lang='lat' dir='ltr'>verum</span> <span class='ocrx_word' id='word_1_124' title='bbox 1458 1525 1636 1585; x_wconf 85' lang='lat' dir='ltr'>etiam</span> <span class='ocrx_word' id='word_1_125' title='bbox 1693 1526 1853 1607; x_wconf 85' lang='lat' dir='ltr'>apud</span> <span class='ocrx_word' id='word_1_126' title='bbox 1893 1523 2190 1586; x_wconf 80' lang='lat' dir='ltr'>HebraeoS.</span> <span class='ocrx_word' id='word_1_127' title='bbox 2243 1525 2352 1584; x_wconf 87' lang='lat' dir='ltr'>Alii</span> <span class='ocrx_word' id='word_1_128' title='bbox 2392 1525 2466 1585; x_wconf 92' lang='lat' dir='ltr'>de</span> 
     </span>
     <span class='ocr_line' id='line_1_16' title="bbox 333 1618 2468 1703; baseline 0.001 -25"><span class='ocrx_word' id='word_1_129' title='bbox 333 1618 597 1699; x_wconf 79' lang='lat' dir='ltr'>Scythis,</span> <span class='ocrx_word' id='word_1_130' title='bbox 631 1618 726 1679; x_wconf 85' lang='lat' dir='ltr'>alii</span> <span class='ocrx_word' id='word_1_131' title='bbox 755 1618 830 1679; x_wconf 87' lang='lat' dir='ltr'>de</span> <span class='ocrx_word' id='word_1_132' title='bbox 867 1620 1054 1680; x_wconf 84' lang='lat' dir='ltr'>Persis</span> <span class='ocrx_word' id='word_1_133' title='bbox 1083 1666 1104 1694; x_wconf 83' lang='lat'>7.</span> <span class='ocrx_word' id='word_1_134' title='bbox 1133 1619 1230 1679; x_wconf 78' lang='lat' dir='ltr'>alii</span> <span class='ocrx_word' id='word_1_135' title='bbox 1256 1619 1333 1680; x_wconf 92' lang='lat' dir='ltr'>de</span> <span class='ocrx_word' id='word_1_136' title='bbox 1365 1621 1524 1700; x_wconf 77' lang='lat' dir='ltr'>Syris</span> <span class='ocrx_word' id='word_1_137' title='bbox 1542 1666 1558 1696; x_wconf 86' lang='lat'>7</span> <span class='ocrx_word' id='word_1_138' title='bbox 1590 1631 1708 1681; x_wconf 76' lang='lat' dir='ltr'>etc.</span> <span class='ocrx_word' id='word_1_139' title='bbox 1727 1620 1876 1684; x_wconf 81' lang='lat' dir='ltr'>illud</span> <span class='ocrx_word' id='word_1_140' title='bbox 1900 1621 2196 1703; x_wconf 83' lang='lat' dir='ltr'>explicant</span> <span class='ocrx_word' id='word_1_141' title='bbox 2221 1646 2237 1693; x_wconf 78' lang='grc' dir='ltr'><strong>ς</strong></span> <span class='ocrx_word' id='word_1_142' title='bbox 2266 1618 2365 1679; x_wconf 81' lang='lat' dir='ltr'>alii</span> <span class='ocrx_word' id='word_1_143' title='bbox 2391 1619 2468 1681; x_wconf 86' lang='lat' dir='ltr'>ad</span> 
     </span>
     <span class='ocr_line' id='line_1_17' title="bbox 332 1714 2462 1798; baseline 0.001 -24"><span class='ocrx_word' id='word_1_144' title='bbox 332 1714 700 1774; x_wconf 83' lang='lat' dir='ltr'>Antiochum</span> <span class='ocrx_word' id='word_1_145' title='bbox 734 1715 1102 1798; x_wconf 83' lang='lat' dir='ltr'>Epiphanem</span> <span class='ocrx_word' id='word_1_146' title='bbox 1129 1715 1429 1792; x_wconf 85' lang='lat' dir='ltr'>referunt,</span> <span class='ocrx_word' id='word_1_147' title='bbox 1460 1727 1526 1776; x_wconf 88' lang='lat' dir='ltr'>ut</span> <span class='ocrx_word' id='word_1_148' title='bbox 1553 1717 1819 1790; x_wconf 78' lang='lat' dir='ltr'>Grotiu83</span> <span class='ocrx_word' id='word_1_149' title='bbox 1853 1716 1951 1778; x_wconf 89' lang='lat' dir='ltr'>alii</span> <span class='ocrx_word' id='word_1_150' title='bbox 1985 1716 2062 1778; x_wconf 84' lang='lat' dir='ltr'>ad</span> <span class='ocrx_word' id='word_1_151' title='bbox 2090 1715 2462 1797; x_wconf 81' lang='lat' dir='ltr'>Cambysem7</span> 
     </span>
     <span class='ocr_line' id='line_1_18' title="bbox 332 1810 2467 1895; baseline 0 -24"><span class='ocrx_word' id='word_1_152' title='bbox 332 1821 401 1871; x_wconf 82' lang='lat' dir='ltr'>ut</span> <span class='ocrx_word' id='word_1_153' title='bbox 449 1810 677 1871; x_wconf 87' lang='lat' dir='ltr'>Calmet</span> <span class='ocrx_word' id='word_1_154' title='bbox 714 1838 730 1887; x_wconf 71' lang='grc' dir='ltr'><strong>ς</strong></span> <span class='ocrx_word' id='word_1_155' title='bbox 766 1811 867 1871; x_wconf 89' lang='lat' dir='ltr'>alii</span> <span class='ocrx_word' id='word_1_156' title='bbox 891 1810 1215 1895; x_wconf 80' lang='lat' dir='ltr'>symbolice</span> <span class='ocrx_word' id='word_1_157' title='bbox 1237 1811 1447 1874; x_wconf 89' lang='lat' dir='ltr'>volunt</span> <span class='ocrx_word' id='word_1_158' title='bbox 1474 1813 1882 1895; x_wconf 87' lang='lat' dir='ltr'>accipiendum</span> <span class='ocrx_word' id='word_1_159' title='bbox 1907 1811 1982 1873; x_wconf 86' lang='lat' dir='ltr'>de</span> <span class='ocrx_word' id='word_1_160' title='bbox 2011 1813 2252 1875; x_wconf 81' lang='lat' dir='ltr'>victoria</span> <span class='ocrx_word' id='word_1_161' title='bbox 2275 1817 2467 1891; x_wconf 86' lang='lat' dir='ltr'>justo-</span> 
     </span>
     <span class='ocr_line' id='line_1_19' title="bbox 333 1907 2467 1991; baseline -0.001 -23"><span class='ocrx_word' id='word_1_162' title='bbox 333 1927 471 1968; x_wconf 79' lang='lat' dir='ltr'>rum</span> <span class='ocrx_word' id='word_1_163' title='bbox 506 1930 683 1990; x_wconf 84' lang='lat' dir='ltr'>super</span> <span class='ocrx_word' id='word_1_164' title='bbox 715 1909 929 1991; x_wconf 85' lang='lat' dir='ltr'>impios</span> <span class='ocrx_word' id='word_1_165' title='bbox 967 1909 1079 1988; x_wconf 73' lang='lat'>(2).</span> <span class='ocrx_word' id='word_1_166' title='bbox 1136 1910 1282 1969; x_wconf 88' lang='lat' dir='ltr'>Cum</span> <span class='ocrx_word' id='word_1_167' title='bbox 1331 1909 1509 1989; x_wconf 82' lang='lat' dir='ltr'>igitur</span> <span class='ocrx_word' id='word_1_168' title='bbox 1539 1909 1739 1969; x_wconf 81' lang='lat' dir='ltr'>omnia</span> <span class='ocrx_word' id='word_1_169' title='bbox 1773 1909 1894 1968; x_wconf 86' lang='lat' dir='ltr'>sint</span> <span class='ocrx_word' id='word_1_170' title='bbox 1927 1910 2189 1982; x_wconf 82' lang='lat' dir='ltr'>incerta,</span> <span class='ocrx_word' id='word_1_171' title='bbox 2224 1930 2354 1989; x_wconf 82' lang='lat' dir='ltr'>quae</span> <span class='ocrx_word' id='word_1_172' title='bbox 2390 1907 2467 1967; x_wconf 89' lang='lat' dir='ltr'>ad</span> 
     </span>
     <span class='ocr_line' id='line_1_20' title="bbox 330 2002 2466 2087; baseline 0 -26"><span class='ocrx_word' id='word_1_173' title='bbox 330 2002 483 2063; x_wconf 89' lang='lat' dir='ltr'>illud</span> <span class='ocrx_word' id='word_1_174' title='bbox 541 2005 889 2066; x_wconf 81' lang='lat' dir='ltr'>vaticinium</span> <span class='ocrx_word' id='word_1_175' title='bbox 945 2013 1217 2087; x_wconf 87' lang='lat' dir='ltr'>spectant</span> <span class='ocrx_word' id='word_1_176' title='bbox 1233 2029 1253 2077; x_wconf 54' lang='grc' dir='ltr'>ς’</span> <span class='ocrx_word' id='word_1_177' title='bbox 1299 2004 1347 2062; x_wconf 90' lang='lat' dir='ltr'>si</span> <span class='ocrx_word' id='word_1_178' title='bbox 1394 2004 1524 2085; x_wconf 87' lang='lat' dir='ltr'>quis</span> <span class='ocrx_word' id='word_1_179' title='bbox 1568 2004 1804 2064; x_wconf 84' lang='lat' dir='ltr'>deserat</span> <span class='ocrx_word' id='word_1_180' title='bbox 1864 2003 2021 2064; x_wconf 88' lang='lat' dir='ltr'>clara</span> <span class='ocrx_word' id='word_1_181' title='bbox 2075 2014 2137 2063; x_wconf 91' lang='lat' dir='ltr'>et</span> <span class='ocrx_word' id='word_1_182' title='bbox 2178 2003 2466 2062; x_wconf 88' lang='lat' dir='ltr'>determi—</span> 
     </span>
     <span class='ocr_line' id='line_1_21' title="bbox 330 2096 2467 2179; baseline -0 -20"><span class='ocrx_word' id='word_1_183' title='bbox 330 2110 473 2160; x_wconf 84' lang='lat' dir='ltr'>nata</span> <span class='ocrx_word' id='word_1_184' title='bbox 506 2100 779 2161; x_wconf 85' lang='lat' dir='ltr'>vaticinia</span> <span class='ocrx_word' id='word_1_185' title='bbox 800 2146 820 2175; x_wconf 84' lang='lat'>7</span> <span class='ocrx_word' id='word_1_186' title='bbox 843 2111 911 2160; x_wconf 93' lang='lat' dir='ltr'>ut</span> <span class='ocrx_word' id='word_1_187' title='bbox 942 2099 1049 2159; x_wconf 89' lang='lat' dir='ltr'>sibi</span> <span class='ocrx_word' id='word_1_188' title='bbox 1094 2121 1167 2159; x_wconf 84' lang='lat' dir='ltr'>ex</span> <span class='ocrx_word' id='word_1_189' title='bbox 1194 2100 1430 2159; x_wconf 88' lang='lat' dir='ltr'>incertis</span> <span class='ocrx_word' id='word_1_190' title='bbox 1481 2098 1885 2159; x_wconf 83' lang='lat' dir='ltr'>difficultatem</span> <span class='ocrx_word' id='word_1_191' title='bbox 1917 2108 2107 2174; x_wconf 87' lang='lat' dir='ltr'>creet,</span> <span class='ocrx_word' id='word_1_192' title='bbox 2142 2099 2191 2160; x_wconf 93' lang='lat' dir='ltr'>is</span> <span class='ocrx_word' id='word_1_193' title='bbox 2220 2096 2467 2179; x_wconf 89' lang='lat' dir='ltr'>perinde</span> 
     </span>
     <span class='ocr_line' id='line_1_22' title="bbox 332 2192 2469 2278; baseline -0.001 -24"><span class='ocrx_word' id='word_1_194' title='bbox 332 2194 472 2254; x_wconf 88' lang='lat' dir='ltr'>facit</span> <span class='ocrx_word' id='word_1_195' title='bbox 512 2216 577 2255; x_wconf 86' lang='lat' dir='ltr'>ac</span> <span class='ocrx_word' id='word_1_196' title='bbox 612 2196 713 2278; x_wconf 89' lang='lat' dir='ltr'>qui</span> <span class='ocrx_word' id='word_1_197' title='bbox 742 2195 937 2257; x_wconf 88' lang='lat' dir='ltr'>oculos</span> <span class='ocrx_word' id='word_1_198' title='bbox 983 2218 1014 2255; x_wconf 90' lang='lat' dir='ltr'>a</span> <span class='ocrx_word' id='word_1_199' title='bbox 1050 2195 1182 2255; x_wconf 80' lang='lat' dir='ltr'>luce</span> <span class='ocrx_word' id='word_1_200' title='bbox 1219 2196 1433 2257; x_wconf 80' lang='lat' dir='ltr'>avertit</span> <span class='ocrx_word' id='word_1_201' title='bbox 1464 2240 1480 2270; x_wconf 93' lang='lat'>7</span> <span class='ocrx_word' id='word_1_202' title='bbox 1518 2206 1579 2255; x_wconf 88' lang='lat' dir='ltr'>et</span> <span class='ocrx_word' id='word_1_203' title='bbox 1611 2194 1887 2255; x_wconf 82' lang='lat' dir='ltr'>tenebras</span> <span class='ocrx_word' id='word_1_204' title='bbox 1929 2192 2290 2275; x_wconf 83' lang='lat' dir='ltr'>umbrasque</span> <span class='ocrx_word' id='word_1_205' title='bbox 2325 2214 2469 2253; x_wconf 82' lang='lat' dir='ltr'>oon-</span> 
     </span>
     <span class='ocr_line' id='line_1_23' title="bbox 335 2302 613 2352; baseline -0.007 -2"><span class='ocrx_word' id='word_1_206' title='bbox 335 2302 613 2352; x_wconf 81' lang='lat' dir='ltr'>sectatur.</span> 
     </span>
    </p>

    <p class='ocr_par' dir='ltr' id='par_1_5' title="bbox 421 2383 2468 2469">
     <span class='ocr_line' id='line_1_24' title="bbox 421 2383 2468 2469; baseline -0.001 -23"><span class='ocrx_word' id='word_1_207' title='bbox 421 2387 563 2448; x_wconf 75' lang='lat'>145.</span> <span class='ocrx_word' id='word_1_208' title='bbox 609 2386 828 2448; x_wconf 86' lang='lat' dir='ltr'>Eadem</span> <span class='ocrx_word' id='word_1_209' title='bbox 872 2388 1031 2469; x_wconf 82' lang='lat' dir='ltr'>viget</span> <span class='ocrx_word' id='word_1_210' title='bbox 1075 2387 1464 2469; x_wconf 82' lang='lat' dir='ltr'>discrepantia</span> <span class='ocrx_word' id='word_1_211' title='bbox 1525 2388 1952 2447; x_wconf 82' lang='lat' dir='ltr'>sententiarum</span> <span class='ocrx_word' id='word_1_212' title='bbox 2003 2386 2152 2449; x_wconf 81' lang='lat' dir='ltr'>circa</span> <span class='ocrx_word' id='word_1_213' title='bbox 2190 2384 2343 2445; x_wconf 84' lang='lat' dir='ltr'>hanc</span> <span class='ocrx_word' id='word_1_214' title='bbox 2394 2383 2468 2444; x_wconf 92' lang='lat' dir='ltr'>de</span> 
     </span>
    </p>
   </div>
   <div class='ocr_carea' id='block_1_4' title="bbox 324 2478 2469 2811">
    <p class='ocr_par' dir='ltr' id='par_1_6' title="bbox 324 2478 2469 2811">
     <span class='ocr_line' id='line_1_25' title="bbox 332 2478 2469 2565; baseline -0.002 -22"><span class='ocrx_word' id='word_1_215' title='bbox 332 2483 560 2565; x_wconf 86' lang='lat' dir='ltr'>templo</span> <span class='ocrx_word' id='word_1_216' title='bbox 596 2483 906 2544; x_wconf 86' lang='lat' dir='ltr'>Ezechielis</span> <span class='ocrx_word' id='word_1_217' title='bbox 942 2484 1230 2544; x_wconf 88' lang='lat' dir='ltr'>visionem</span> <span class='ocrx_word' id='word_1_218' title='bbox 1259 2529 1275 2558; x_wconf 92' lang='lat'>7</span> <span class='ocrx_word' id='word_1_219' title='bbox 1313 2482 1474 2542; x_wconf 87' lang='lat' dir='ltr'>idem</span> <span class='ocrx_word' id='word_1_220' title='bbox 1494 2494 1805 2565; x_wconf 85' lang='lat' dir='ltr'>propterea</span> <span class='ocrx_word' id='word_1_221' title='bbox 1843 2482 1916 2542; x_wconf 91' lang='lat' dir='ltr'>de</span> <span class='ocrx_word' id='word_1_222' title='bbox 1942 2486 2006 2542; x_wconf 86' lang='lat' dir='ltr'>ea</span> <span class='ocrx_word' id='word_1_223' title='bbox 2035 2478 2346 2540; x_wconf 87' lang='lat' dir='ltr'>ferendum</span> <span class='ocrx_word' id='word_1_224' title='bbox 2378 2490 2469 2540; x_wconf 88' lang='lat' dir='ltr'>est</span> 
     </span>
     <span class='ocr_line' id='line_1_26' title="bbox 324 2574 746 2661; baseline 0.002 -22"><span class='ocrx_word' id='word_1_225' title='bbox 324 2579 613 2658; x_wconf 88' lang='lat' dir='ltr'>judicium</span> <span class='ocrx_word' id='word_1_226' title='bbox 637 2574 746 2661; x_wconf 85' lang='lat'>(3).</span> 
     </span>
     <span class='ocr_line' id='line_1_27' title="bbox 405 2740 2462 2811; baseline -0.001 -20"><span class='ocrx_word' id='word_1_227' title='bbox 405 2743 474 2807; x_wconf 90' lang='lat' dir='ltr'>(l)</span> <span class='ocrx_word' id='word_1_228' title='bbox 512 2743 594 2792; x_wconf 82' lang='lat' dir='ltr'>De</span> <span class='ocrx_word' id='word_1_229' title='bbox 620 2745 757 2792; x_wconf 84' lang='lat' dir='ltr'>verit.</span> <span class='ocrx_word' id='word_1_230' title='bbox 791 2745 1077 2811; x_wconf 65' lang='lat' dir='ltr'>religionis,</span> <span class='ocrx_word' id='word_1_231' title='bbox 1111 2745 1207 2795; x_wconf 87' lang='lat' dir='ltr'>loc.</span> <span class='ocrx_word' id='word_1_232' title='bbox 1238 2747 1321 2793; x_wconf 82' lang='lat' dir='ltr'>cit.</span> <span class='ocrx_word' id='word_1_233' title='bbox 1443 2743 1501 2793; x_wconf 86' lang='lat' dir='ltr'>de</span> <span class='ocrx_word' id='word_1_234' title='bbox 1536 2744 1743 2808; x_wconf 85' lang='lat' dir='ltr'>personis</span> <span class='ocrx_word' id='word_1_235' title='bbox 1775 2742 2023 2807; x_wconf 76' lang='lat' dir='ltr'>mysticis,</span> <span class='ocrx_word' id='word_1_236' title='bbox 2056 2759 2135 2791; x_wconf 89' lang='lat' dir='ltr'>seu</span> <span class='ocrx_word' id='word_1_237' title='bbox 2167 2740 2462 2807; x_wconf 81' lang='lat' dir='ltr'>symbolicis,</span> 
     </span>
    </p>
   </div>
   <div class='ocr_carea' id='block_1_5' title="bbox 406 2823 2465 2894">
    <p class='ocr_par' dir='ltr' id='par_1_7' title="bbox 406 2823 2465 2894">
     <span class='ocr_line' id='line_1_28' title="bbox 406 2823 2465 2894; baseline -0.001 -21"><span class='ocrx_word' id='word_1_238' title='bbox 406 2826 470 2889; x_wconf 73' lang='lat'>(2)</span> <span class='ocrx_word' id='word_1_239' title='bbox 506 2825 666 2892; x_wconf 87' lang='lat' dir='ltr'>Longa</span> <span class='ocrx_word' id='word_1_240' title='bbox 690 2829 832 2877; x_wconf 88' lang='lat' dir='ltr'>nimis</span> <span class='ocrx_word' id='word_1_241' title='bbox 855 2846 925 2875; x_wconf 87' lang='lat' dir='ltr'>res</span> <span class='ocrx_word' id='word_1_242' title='bbox 948 2838 1064 2876; x_wconf 84' lang='lat' dir='ltr'>esset</span> <span class='ocrx_word' id='word_1_243' title='bbox 1084 2837 1223 2894; x_wconf 86' lang='lat' dir='ltr'>atque</span> <span class='ocrx_word' id='word_1_244' title='bbox 1249 2826 1359 2874; x_wconf 87' lang='lat' dir='ltr'>nul·</span> <span class='ocrx_word' id='word_1_245' title='bbox 1442 2829 1506 2876; x_wconf 89' lang='lat' dir='ltr'>ita</span> <span class='ocrx_word' id='word_1_246' title='bbox 1527 2837 1577 2874; x_wconf 86' lang='lat' dir='ltr'>ut</span> <span class='ocrx_word' id='word_1_247' title='bbox 1591 2843 1725 2891; x_wconf 88' lang='lat' dir='ltr'>capp.</span> <span class='ocrx_word' id='word_1_248' title='bbox 1753 2842 1927 2873; x_wconf 81' lang='lat' dir='ltr'>xxxvni</span> <span class='ocrx_word' id='word_1_249' title='bbox 1946 2835 1991 2874; x_wconf 91' lang='lat' dir='ltr'>et</span> <span class='ocrx_word' id='word_1_250' title='bbox 2020 2841 2161 2872; x_wconf 67' lang='lat' dir='ltr'>xxxa</span> <span class='ocrx_word' id='word_1_251' title='bbox 2192 2823 2465 2889; x_wconf 80' lang='lat' dir='ltr'>polliceatur</span> 
     </span>
    </p>
   </div>
   <div class='ocr_carea' id='block_1_6' title="bbox 335 2908 1361 3801">
    <p class='ocr_par' dir='ltr' id='par_1_8' title="bbox 335 2908 1361 3801">
     <span class='ocr_line' id='line_1_29' title="bbox 335 2908 1358 2975; baseline 0.001 -18"><span class='ocrx_word' id='word_1_252' title='bbox 335 2910 426 2958; x_wconf 82' lang='lat' dir='ltr'>lius</span> <span class='ocrx_word' id='word_1_253' title='bbox 454 2909 599 2975; x_wconf 80' lang='lat' dir='ltr'>frugis</span> <span class='ocrx_word' id='word_1_254' title='bbox 622 2947 635 2969; x_wconf 86' lang='lat'>7</span> <span class='ocrx_word' id='word_1_255' title='bbox 665 2908 784 2958; x_wconf 80' lang='lat' dir='ltr'>velle</span> <span class='ocrx_word' id='word_1_256' title='bbox 819 2925 982 2957; x_wconf 85' lang='lat' dir='ltr'>omnes</span> <span class='ocrx_word' id='word_1_257' title='bbox 1012 2919 1113 2957; x_wconf 84' lang='lat' dir='ltr'>tum</span> <span class='ocrx_word' id='word_1_258' title='bbox 1139 2909 1358 2958; x_wconf 81' lang='lat' dir='ltr'>Hebraeo-</span> 
     </span>
     <span class='ocr_line' id='line_1_30' title="bbox 338 2991 1359 3055; baseline -0.002 -15"><span class='ocrx_word' id='word_1_259' title='bbox 338 2999 443 3040; x_wconf 83' lang='lat' dir='ltr'>rum</span> <span class='ocrx_word' id='word_1_260' title='bbox 489 3002 594 3040; x_wconf 84' lang='lat' dir='ltr'>tum</span> <span class='ocrx_word' id='word_1_261' title='bbox 643 2991 1009 3041; x_wconf 79' lang='lat' dir='ltr'>Christianorum</span> <span class='ocrx_word' id='word_1_262' title='bbox 1053 2994 1359 3055; x_wconf 84' lang='lat' dir='ltr'>interpretum</span> 
     </span>
     <span class='ocr_line' id='line_1_31' title="bbox 343 3074 1361 3140; baseline 0 -18"><span class='ocrx_word' id='word_1_263' title='bbox 343 3077 595 3123; x_wconf 82' lang='lat' dir='ltr'>sententias</span> <span class='ocrx_word' id='word_1_264' title='bbox 639 3090 923 3140; x_wconf 83' lang='lat' dir='ltr'>percensere.</span> <span class='ocrx_word' id='word_1_265' title='bbox 964 3074 1197 3122; x_wconf 79' lang='lat' dir='ltr'>Dissensio</span> <span class='ocrx_word' id='word_1_266' title='bbox 1232 3075 1361 3122; x_wconf 86' lang='lat' dir='ltr'>enim</span> 
     </span>
     <span class='ocr_line' id='line_1_32' title="bbox 341 3156 1359 3222; baseline 0.001 -18"><span class='ocrx_word' id='word_1_267' title='bbox 341 3167 410 3205; x_wconf 86' lang='lat' dir='ltr'>est</span> <span class='ocrx_word' id='word_1_268' title='bbox 444 3160 566 3205; x_wconf 90' lang='lat' dir='ltr'>circa</span> <span class='ocrx_word' id='word_1_269' title='bbox 609 3159 831 3218; x_wconf 88' lang='lat' dir='ltr'>nomina,</span> <span class='ocrx_word' id='word_1_270' title='bbox 873 3167 1063 3222; x_wconf 79' lang='lat' dir='ltr'>gentes,</span> <span class='ocrx_word' id='word_1_271' title='bbox 1098 3156 1219 3216; x_wconf 81' lang='lat' dir='ltr'>fata,</span> <span class='ocrx_word' id='word_1_272' title='bbox 1253 3173 1359 3221; x_wconf 80' lang='lat' dir='ltr'>quae</span> 
     </span>
     <span class='ocr_line' id='line_1_33' title="bbox 342 3239 1357 3290; baseline -0.002 -2"><span class='ocrx_word' id='word_1_273' title='bbox 342 3239 518 3289; x_wconf 86' lang='lat' dir='ltr'>eisdem</span> <span class='ocrx_word' id='word_1_274' title='bbox 552 3240 899 3290; x_wconf 88' lang='lat' dir='ltr'>adscribuntur.</span> <span class='ocrx_word' id='word_1_275' title='bbox 951 3239 1243 3288; x_wconf 84' lang='lat' dir='ltr'>Recentiores</span> <span class='ocrx_word' id='word_1_276' title='bbox 1287 3241 1357 3286; x_wconf 81' lang='lat' dir='ltr'>vi-</span> 
     </span>
     <span class='ocr_line' id='line_1_34' title="bbox 349 3318 1356 3387; baseline 0 -17"><span class='ocrx_word' id='word_1_277' title='bbox 349 3322 520 3371; x_wconf 82' lang='lat' dir='ltr'>dentur</span> <span class='ocrx_word' id='word_1_278' title='bbox 559 3325 851 3387; x_wconf 82' lang='lat' dir='ltr'>acquiescere</span> <span class='ocrx_word' id='word_1_279' title='bbox 872 3327 935 3370; x_wconf 73' lang='grc' dir='ltr'>τὸ</span> <span class='ocrx_word' id='word_1_280' title='bbox 965 3318 1235 3381; x_wconf 79' lang='lat' dir='ltr'>Michaelis,</span> <span class='ocrx_word' id='word_1_281' title='bbox 1274 3322 1356 3385; x_wconf 86' lang='lat' dir='ltr'>qui</span> 
     </span>
     <span class='ocr_line' id='line_1_35' title="bbox 341 3402 1353 3469; baseline 0.001 -17"><span class='ocrx_word' id='word_1_282' title='bbox 341 3414 498 3455; x_wconf 84' lang='lat' dir='ltr'>censet</span> <span class='ocrx_word' id='word_1_283' title='bbox 542 3404 768 3469; x_wconf 81' lang='lat' dir='ltr'>designari</span> <span class='ocrx_word' id='word_1_284' title='bbox 802 3403 1017 3469; x_wconf 76' lang='lat' dir='ltr'>Scythas.</span> <span class='ocrx_word' id='word_1_285' title='bbox 1053 3403 1268 3452; x_wconf 82' lang='lat' dir='ltr'>Ceterum</span> <span class='ocrx_word' id='word_1_286' title='bbox 1302 3402 1353 3453; x_wconf 87' lang='lat' dir='ltr'>S.</span> 
     </span>
     <span class='ocr_line' id='line_1_36' title="bbox 345 3485 1358 3551; baseline -0.002 -16"><span class='ocrx_word' id='word_1_287' title='bbox 345 3488 484 3535; x_wconf 87' lang='lat' dir='ltr'>Joan.</span> <span class='ocrx_word' id='word_1_288' title='bbox 503 3485 697 3550; x_wconf 71' lang='lat' dir='ltr'>Apocal.</span> <span class='ocrx_word' id='word_1_289' title='bbox 714 3504 769 3535; x_wconf 84' lang='lat' dir='ltr'>xx</span> <span class='ocrx_word' id='word_1_290' title='bbox 788 3523 802 3545; x_wconf 93' lang='lat'>,</span> <span class='ocrx_word' id='word_1_291' title='bbox 821 3505 921 3551; x_wconf 81' lang='lat' dir='ltr'>quae</span> <span class='ocrx_word' id='word_1_292' title='bbox 936 3486 1150 3536; x_wconf 82' lang='lat' dir='ltr'>Ezechiel</span> <span class='ocrx_word' id='word_1_293' title='bbox 1169 3485 1228 3534; x_wconf 89' lang='lat' dir='ltr'>de</span> <span class='ocrx_word' id='word_1_294' title='bbox 1245 3485 1358 3550; x_wconf 82' lang='lat' dir='ltr'>Gogi</span> 
     </span>
     <span class='ocr_line' id='line_1_37' title="bbox 342 3568 1358 3634; baseline -0.002 -18"><span class='ocrx_word' id='word_1_295' title='bbox 342 3569 666 3619; x_wconf 85' lang='lat' dir='ltr'>moliminibus</span> <span class='ocrx_word' id='word_1_296' title='bbox 706 3579 752 3617; x_wconf 88' lang='lat' dir='ltr'>et</span> <span class='ocrx_word' id='word_1_297' title='bbox 785 3569 914 3620; x_wconf 83' lang='lat' dir='ltr'>clade</span> <span class='ocrx_word' id='word_1_298' title='bbox 944 3569 1242 3634; x_wconf 76' lang='lat' dir='ltr'>praedixerat,</span> <span class='ocrx_word' id='word_1_299' title='bbox 1282 3568 1358 3615; x_wconf 79' lang='lat' dir='ltr'>ul·</span> 
     </span>
     <span class='ocr_line' id='line_1_38' title="bbox 338 3651 1357 3703; baseline 0 -4"><span class='ocrx_word' id='word_1_300' title='bbox 338 3654 483 3702; x_wconf 83' lang='lat' dir='ltr'>terius</span> <span class='ocrx_word' id='word_1_301' title='bbox 500 3653 558 3702; x_wconf 88' lang='lat' dir='ltr'>ad</span> <span class='ocrx_word' id='word_1_302' title='bbox 577 3663 828 3702; x_wconf 83' lang='lat' dir='ltr'>extremam</span> <span class='ocrx_word' id='word_1_303' title='bbox 857 3652 1023 3700; x_wconf 87' lang='lat' dir='ltr'>mundi</span> <span class='ocrx_word' id='word_1_304' title='bbox 1055 3660 1238 3703; x_wconf 80' lang='lat' dir='ltr'>aetatem</span> <span class='ocrx_word' id='word_1_305' title='bbox 1264 3651 1357 3700; x_wconf 83' lang='lat' dir='ltr'>dis-</span> 
     </span>
     <span class='ocr_line' id='line_1_39' title="bbox 339 3734 1358 3801; baseline 0.001 -19"><span class='ocrx_word' id='word_1_306' title='bbox 339 3735 467 3784; x_wconf 78' lang='lat' dir='ltr'>tulit.</span> <span class='ocrx_word' id='word_1_307' title='bbox 490 3734 614 3786; x_wconf 84' lang='lat' dir='ltr'>Hinc</span> <span class='ocrx_word' id='word_1_308' title='bbox 639 3752 734 3785; x_wconf 80' lang='lat' dir='ltr'>non</span> <span class='ocrx_word' id='word_1_309' title='bbox 751 3737 890 3801; x_wconf 89' lang='lat' dir='ltr'>pauci</span> <span class='ocrx_word' id='word_1_310' title='bbox 906 3745 1167 3798; x_wconf 84' lang='lat' dir='ltr'>autumant,</span> <span class='ocrx_word' id='word_1_311' title='bbox 1192 3735 1268 3784; x_wconf 80' lang='lat' dir='ltr'>hic</span> <span class='ocrx_word' id='word_1_312' title='bbox 1287 3737 1358 3800; x_wconf 82' lang='lat' dir='ltr'>agi</span> 
     </span>
    </p>
   </div>
   <div class='ocr_carea' id='block_1_7' title="bbox 1438 2906 2459 3792">
    <p class='ocr_par' dir='ltr' id='par_1_9' title="bbox 1438 2906 2459 3544">
     <span class='ocr_line' id='line_1_40' title="bbox 1442 2906 2451 2972; baseline -0.006 -15"><span class='ocrx_word' id='word_1_313' title='bbox 1442 2908 1568 2957; x_wconf 86' lang='lat' dir='ltr'>Deus</span> <span class='ocrx_word' id='word_1_314' title='bbox 1586 2944 1600 2968; x_wconf 92' lang='lat'>7</span> <span class='ocrx_word' id='word_1_315' title='bbox 1625 2924 1673 2956; x_wconf 87' lang='lat' dir='ltr'>se</span> <span class='ocrx_word' id='word_1_316' title='bbox 1695 2909 1794 2972; x_wconf 89' lang='lat' dir='ltr'>pios</span> <span class='ocrx_word' id='word_1_317' title='bbox 1812 2925 1919 2955; x_wconf 85' lang='lat' dir='ltr'>suos</span> <span class='ocrx_word' id='word_1_318' title='bbox 1946 2907 2143 2955; x_wconf 81' lang='lat' dir='ltr'>cultores</span> <span class='ocrx_word' id='word_1_319' title='bbox 2171 2906 2229 2954; x_wconf 93' lang='lat' dir='ltr'>ab</span> <span class='ocrx_word' id='word_1_320' title='bbox 2249 2906 2451 2953; x_wconf 87' lang='lat' dir='ltr'>hostium</span> 
     </span>
     <span class='ocr_line' id='line_1_41' title="bbox 1442 2988 2458 3056; baseline -0.005 -17"><span class='ocrx_word' id='word_1_321' title='bbox 1442 2989 1867 3056; x_wconf 77' lang='lat' dir='ltr'>potentissimorum</span> <span class='ocrx_word' id='word_1_322' title='bbox 1885 3006 1939 3037; x_wconf 87' lang='lat' dir='ltr'>ac</span> <span class='ocrx_word' id='word_1_323' title='bbox 1961 2989 2348 3037; x_wconf 85' lang='lat' dir='ltr'>ferocissimorum</span> <span class='ocrx_word' id='word_1_324' title='bbox 2365 2988 2458 3034; x_wconf 88' lang='lat' dir='ltr'>im-</span> 
     </span>
     <span class='ocr_line' id='line_1_42' title="bbox 1445 3081 2459 3138; baseline -0.005 -16"><span class='ocrx_word' id='word_1_325' title='bbox 1445 3083 1553 3138; x_wconf 85' lang='lat' dir='ltr'>petu</span> <span class='ocrx_word' id='word_1_326' title='bbox 1585 3083 1731 3122; x_wconf 80' lang='lat' dir='ltr'>sartos</span> <span class='ocrx_word' id='word_1_327' title='bbox 1761 3082 1907 3120; x_wconf 85' lang='lat' dir='ltr'>tectos.</span> <span class='ocrx_word' id='word_1_328' title='bbox 1931 3081 2221 3119; x_wconf 83' lang='lat' dir='ltr'>servaturum</span> <span class='ocrx_word' id='word_1_329' title='bbox 2241 3107 2254 3129; x_wconf 92' lang='lat'>,</span> <span class='ocrx_word' id='word_1_330' title='bbox 2287 3086 2459 3134; x_wconf 84' lang='lat' dir='ltr'>eosque</span> 
     </span>
     <span class='ocr_line' id='line_1_43' title="bbox 1445 3155 2453 3219; baseline -0.006 -16"><span class='ocrx_word' id='word_1_331' title='bbox 1445 3174 1528 3203; x_wconf 89' lang='lat' dir='ltr'>suo</span> <span class='ocrx_word' id='word_1_332' title='bbox 1559 3155 1767 3219; x_wconf 76' lang='lat' dir='ltr'>praesidio</span> <span class='ocrx_word' id='word_1_333' title='bbox 1782 3155 2081 3219; x_wconf 83' lang='lat' dir='ltr'>custodiaque</span> <span class='ocrx_word' id='word_1_334' title='bbox 2097 3160 2415 3217; x_wconf 85' lang='lat' dir='ltr'>protecturum</span> <span class='ocrx_word' id='word_1_335' title='bbox 2437 3167 2453 3213; x_wconf 91' lang='lat'>;</span> 
     </span>
     <span class='ocr_line' id='line_1_44' title="bbox 1438 3233 2454 3301; baseline -0.008 -15"><span class='ocrx_word' id='word_1_336' title='bbox 1438 3255 1541 3287; x_wconf 89' lang='lat' dir='ltr'>eam</span> <span class='ocrx_word' id='word_1_337' title='bbox 1561 3254 1668 3285; x_wconf 85' lang='lat' dir='ltr'>vero</span> <span class='ocrx_word' id='word_1_338' title='bbox 1694 3238 2047 3301; x_wconf 86' lang='lat' dir='ltr'>promissionem</span> <span class='ocrx_word' id='word_1_339' title='bbox 2080 3233 2141 3282; x_wconf 90' lang='lat' dir='ltr'>ad</span> <span class='ocrx_word' id='word_1_340' title='bbox 2169 3234 2454 3281; x_wconf 79' lang='lat' dir='ltr'>Christianos</span> 
     </span>
     <span class='ocr_line' id='line_1_45' title="bbox 1439 3317 2458 3384; baseline -0.006 -17"><span class='ocrx_word' id='word_1_341' title='bbox 1439 3322 1666 3384; x_wconf 81' lang='lat' dir='ltr'>pertinere</span> <span class='ocrx_word' id='word_1_342' title='bbox 1696 3329 1915 3376; x_wconf 84' lang='lat' dir='ltr'>eatenus,</span> <span class='ocrx_word' id='word_1_343' title='bbox 1954 3326 2183 3382; x_wconf 84' lang='lat' dir='ltr'>quatenus</span> <span class='ocrx_word' id='word_1_344' title='bbox 2217 3317 2303 3380; x_wconf 88' lang='lat' dir='ltr'>ipsi</span> <span class='ocrx_word' id='word_1_345' title='bbox 2349 3325 2458 3362; x_wconf 89' lang='lat' dir='ltr'>sunt</span> 
     </span>
     <span class='ocr_line' id='line_1_46' title="bbox 1439 3397 2455 3454; baseline -0.007 -4"><span class='ocrx_word' id='word_1_346' title='bbox 1439 3404 1532 3450; x_wconf 83' lang='lat' dir='ltr'>veri</span> <span class='ocrx_word' id='word_1_347' title='bbox 1579 3400 1663 3448; x_wconf 86' lang='lat' dir='ltr'>Dei</span> <span class='ocrx_word' id='word_1_348' title='bbox 1700 3401 1917 3448; x_wconf 83' lang='lat' dir='ltr'>cultores.</span> <span class='ocrx_word' id='word_1_349' title='bbox 1955 3398 2055 3447; x_wconf 79' lang='lat' dir='ltr'>Csr.</span> <span class='ocrx_word' id='word_1_350' title='bbox 2100 3397 2455 3454; x_wconf 84' lang='lat' dir='ltr'>Rosenmiiller,</span> 
     </span>
     <span class='ocr_line' id='line_1_47' title="bbox 1442 3475 2451 3544; baseline -0.008 -11"><span class='ocrx_word' id='word_1_351' title='bbox 1442 3481 1604 3533; x_wconf 80' lang='lat' dir='ltr'>Schol.</span> <span class='ocrx_word' id='word_1_352' title='bbox 1633 3484 1690 3529; x_wconf 78' lang='lat' dir='ltr'>in</span> <span class='ocrx_word' id='word_1_353' title='bbox 1731 3483 1795 3530; x_wconf 90' lang='lat' dir='ltr'>V.</span> <span class='ocrx_word' id='word_1_354' title='bbox 1840 3482 1903 3529; x_wconf 90' lang='lat' dir='ltr'>T.</span> <span class='ocrx_word' id='word_1_355' title='bbox 1939 3481 1995 3528; x_wconf 86' lang='lat' dir='ltr'>ad</span> <span class='ocrx_word' id='word_1_356' title='bbox 2034 3481 2204 3528; x_wconf 86' lang='lat' dir='ltr'>Ezech.</span> <span class='ocrx_word' id='word_1_357' title='bbox 2234 3497 2336 3544; x_wconf 81' lang='lat' dir='ltr'>cap.</span> <span class='ocrx_word' id='word_1_358' title='bbox 2369 3475 2451 3526; x_wconf 83' lang='lat'>38.</span> 
     </span>
    </p>

    <p class='ocr_par' dir='ltr' id='par_1_10' title="bbox 1442 3565 2457 3792">
     <span class='ocr_line' id='line_1_48' title="bbox 1511 3565 2457 3630; baseline -0.004 -16"><span class='ocrx_word' id='word_1_359' title='bbox 1511 3566 1574 3630; x_wconf 87' lang='lat'>(3)</span> <span class='ocrx_word' id='word_1_360' title='bbox 1612 3566 1825 3615; x_wconf 82' lang='lat' dir='ltr'>Diversas</span> <span class='ocrx_word' id='word_1_361' title='bbox 1854 3566 1937 3613; x_wconf 89' lang='lat' dir='ltr'>has</span> <span class='ocrx_word' id='word_1_362' title='bbox 1975 3565 2225 3612; x_wconf 75' lang='lat' dir='ltr'>sententias</span> <span class='ocrx_word' id='word_1_363' title='bbox 2248 3573 2457 3610; x_wconf 86' lang='lat' dir='ltr'>veterum</span> 
     </span>
     <span class='ocr_line' id='line_1_49' title="bbox 1442 3647 2457 3712; baseline -0.008 -13"><span class='ocrx_word' id='word_1_364' title='bbox 1442 3668 1496 3699; x_wconf 86' lang='lat' dir='ltr'>ac</span> <span class='ocrx_word' id='word_1_365' title='bbox 1524 3651 1831 3698; x_wconf 78' lang='lat' dir='ltr'>recentiorum</span> <span class='ocrx_word' id='word_1_366' title='bbox 1871 3647 2052 3712; x_wconf 82' lang='lat' dir='ltr'>collegit</span> <span class='ocrx_word' id='word_1_367' title='bbox 2091 3663 2199 3695; x_wconf 88' lang='lat' dir='ltr'>cum</span> <span class='ocrx_word' id='word_1_368' title='bbox 2226 3647 2320 3693; x_wconf 86' lang='lat' dir='ltr'>suis</span> <span class='ocrx_word' id='word_1_369' title='bbox 2345 3661 2457 3692; x_wconf 88' lang='lat' dir='ltr'>auc-</span> 
     </span>
     <span class='ocr_line' id='line_1_50' title="bbox 1442 3727 2456 3792; baseline -0.006 -11"><span class='ocrx_word' id='word_1_370' title='bbox 1442 3733 1618 3783; x_wconf 86' lang='lat' dir='ltr'>toribus</span> <span class='ocrx_word' id='word_1_371' title='bbox 1638 3730 1959 3781; x_wconf 84' lang='lat' dir='ltr'>Rosenmiiller</span> <span class='ocrx_word' id='word_1_372' title='bbox 1979 3768 1992 3792; x_wconf 85' lang='lat'>7</span> <span class='ocrx_word' id='word_1_373' title='bbox 2010 3732 2059 3779; x_wconf 87' lang='lat' dir='ltr'>in</span> <span class='ocrx_word' id='word_1_374' title='bbox 2086 3729 2338 3779; x_wconf 87' lang='lat' dir='ltr'>Prodromo</span> <span class='ocrx_word' id='word_1_375' title='bbox 2356 3765 2371 3789; x_wconf 89' lang='lat'>,</span> <span class='ocrx_word' id='word_1_376' title='bbox 2397 3727 2456 3776; x_wconf 92' lang='lat' dir='ltr'>ad</span> 
     </span>
    </p>
   </div>
  </div>
 </body>
</html>
