2534 4088
2025 140 2143 202 323

273 165 434 201 PART.
467 165 531 199 11.
560 164 684 201 CAP.
712 164 792 205 vl.
820 164 887 200 DE
907 162 1127 201 CHRISTI
1146 163 1569 201 SATISFACTIO'NE
1592 163 1664 201 ET
1688 162 1917 201 MElu'ro.

32 303 242 362 dicitur
274 303 533 363 Christus
573 323 681 384 pro
719 300 886 361 nobis
921 315 1184 363 mortuus
1205 349 1221 379 7
1281 302 1384 363 sed
1426 313 1706 386 praeterea
1741 302 1954 362 dicitur
1983 348 2000 379 7
2033 322 2142 386 pro

32 398 286 482 peccatis
325 397 538 456 nostris
596 396 853 455 animam
911 419 1075 457 suam
1130 399 1387 480 posuisse
1419 443 1435 473 7
1485 397 1864 479 semetipsum
1916 395 2141 459 dedisse

34 494 97 552 in
126 493 420 552 victimam
456 501 515 550 et
554 489 909 551 oblationem
949 505 1008 552 et
1035 493 1507 574 propitiationem
1540 537 1556 566 7
1583 491 1808 552 dedisse
1845 513 1908 553 se
1944 492 2140 574 ipsum

34 584 452 668 redemptionis
505 587 761 667 pretium
798 632 816 663 7
876 609 1099 669 nosque
1168 585 1480 647 redemisse
1544 604 1664 645 non
1725 607 1865 646 auro
1934 593 1994 647 et
2044 605 2142 647 ar-

38 693 212 762 gento
237 725 253 755 7
283 678 386 739 sed
407 681 684 759 sanguine
707 703 811 740 suo
834 683 1106 763 pretiosa
1144 683 1281 756 Quae
1302 682 1496 740 omnia
1523 681 1781 762 profecto
1799 727 1815 757 7
1845 692 1913 741 ut
1941 702 2140 744 veram

40 776 389 835 solutionem
428 797 537 857 pro
581 775 748 835 nobis
769 823 785 852 7
817 777 898 836 ita
941 798 1143 838 veram
1177 774 1650 835 substitutionem
1684 787 1885 858 aperte
1922 776 2141 857 signifi-

39 882 195 929 cant.
237 872 384 930 Cum
413 892 550 931 vero
591 870 712 930 haec
765 871 970 930 eadem
1010 892 1133 930 non
1170 870 1429 928 militent
1467 891 1574 951 pro
1602 870 1882 952 exemplis
1918 871 2143 946 allatis,

38 975 203 1046 patet
234 976 397 1024 extra
439 986 566 1024 rem
601 987 666 1024 ea
701 966 943 1029 omnino
980 964 1247 1052 proferri.
1293 965 1557 1046 Denique
1611 978 1974 1048 compertum
2010 967 2146 1051 phi-

39 1059 242 1140 lologis
261 1071 348 1119 est
379 1105 395 1134 7
434 1081 555 1118 non
595 1059 767 1118 aliam
803 1076 925 1118 esse
950 1059 1367 1140 proprietatem
1393 1060 1693 1141 particulae
1727 1067 1858 1136 ἀντὶ,
1904 1062 2005 1123 ubi
2041 1082 2145 1127 ve-

42 1156 170 1214 niat
190 1156 252 1213 in
283 1155 696 1237 compositione
721 1154 875 1214 vocis
893 1155 1089 1234 λύτρον,
1123 1171 1298 1236 quam
1328 1155 1685 1236 significandi
1712 1159 1985 1217 vicariam
2006 1157 2150 1218 sub-

45 1250 437 1321 stitutionem,
465 1247 638 1331 pretii
659 1268 872 1329 nempe
895 1249 957 1306 in
976 1247 1165 1307 locum
1190 1250 1273 1308 rei
1297 1261 1507 1331 emptae
1531 1272 1631 1310 seu
1653 1251 1990 1334 redemptae3
2010 1252 2148 1312 hin'c

44 1348 318 1426 ἀντίλυτρον
333 1343 490 1404 idem
517 1341 674 1403 valet
693 1363 758 1401 ac
782 1347 1047 1402 vicissim
1070 1346 1280 1403 datum
1298 1346 1718 1426 redempcionis
1733 1346 2007 1427 pretium
2031 1350 2142 1430 (1).

38 1443 163 1517 jam
190 1460 330 1500 vero
355 1436 660 1519 Apostolus
680 1481 695 1510 7
739 1440 763 1494 I
798 1439 945 1496 Tim.
988 1441 1076 1512 117
1121 1439 1183 1512 67
1211 1438 1409 1498 scribit
1430 1439 1502 1500 de
1526 1440 1753 1500 Christo
1786 1464 1799 1500 :
1847 1443 1971 1523 Qui
1986 1442 2154 1504 dedit

47 1535 511 1612 redemptionem
531 1531 866 1612 (ἀντίλυτρον)
893 1538 1269 1614 semetipsum
1289 1556 1405 1614 pro
1433 1536 1606 1595 nohis
1620 1538 1899 1597 omnihus
1917 1538 2024 1618 (2).
2044 1539 2150 1599 Ra-

50 1626 359 1687 tionalistae
391 1627 567 1687 talem
614 1627 788 1686 fuisse
822 1628 1125 1686 Sacrorum
1163 1629 1525 1710 Scriptorum
1567 1651 1838 1705 sensum7
1886 1632 2030 1701 dum
2074 1630 2148 1692 de

50 1721 264 1782 Christi
300 1733 487 1780 morte
518 1721 870 1802 loquuntur,
894 1721 1070 1781 modo
1094 1721 1261 1781 nobis
1293 1723 1619 1784 concedunt
1644 1724 1765 1806 (3)7
1796 1745 1918 1786 non
1943 1736 2030 1787 est
2054 1727 2154 1807 igi-

49 1829 146 1876 tur
177 1816 336 1899 quod
359 1806 601 1876 ulterius
619 1836 963 1898 quaeramuS.

133 1913 271 1972 629.
320 1912 410 1973 Ad
451 1912 558 1987 4⁰¹7
595 1914 750 1972 Diae.
809 1915 1339 1973 Reconciliationis
1379 1933 1521 1974 voce
1555 1913 1811 1974 solitarie
1845 1923 2103 1999 spectata
2132 1962 2149 1992 7

54 2020 267 2083 tram.;
299 2019 476 2091 prout
499 2011 561 2067 in
583 2005 766 2069 Sacris
796 2009 1024 2069 Litteris
1042 2009 1115 2070 de
1143 2009 1372 2069 Christo
1396 2009 1494 2069 illa
1509 2022 1844 2091 usurpatur,
1862 2030 1991 2092 neq.
2019 2010 2157 2072 Ideo

128 2256 197 2324 (l)
234 2255 332 2305 cfr.
368 2255 583 2305 Suicerus
628 2259 678 2304 in
722 2256 866 2305 Thes.
907 2255 1067 2305 eccles.
1155 2257 1214 2305 de
1242 2268 1388 2306 morte
1420 2260 1704 2322 expiatoria,
1734 2259 1807 2307 vel
1841 2275 1896 2307 ex
1927 2259 2159 2323 opinioni-

58 2339 117 2388 ad
146 2356 305 2388 vocem
334 2335 601 2403 Ἀντίλυτρον
629 2375 645 2399 ,
689 2335 771 2386 ubi
829 2338 1073 2386 confirmat

58 2423 330 2470 auctoritate
356 2416 573 2486 Hesychii
609 2423 807 2468 nativam
828 2418 950 2467 hanc
977 2435 1073 2468 esse

54 2503 202 2570 'hujus
235 2505 357 2551 vocis
386 2502 786 2567 significationem.
814 2500 962 2566 Quare
989 2519 1071 2550 au·

61 2585 258 2633 diendus
284 2601 380 2632 non
407 2594 474 2632 est
504 2583 700 2648 Scapula
720 2619 735 2642 7
765 2584 877 2631 dum
908 2582 1074 2647 frigide

64 2666 219 2714 scribit
248 2683 263 2714 ε
284 2663 555 2732 'Arriam-pou
582 2665 866 2730 simpliciter
890 2665 1074 2730 accipi-

63 2756 144 2795 tur
163 2764 256 2813 pro
284 2745 432 2813 λύτρον
451 2784 467 2807 ,
493 2764 510 2794 1
546 2747 683 2796 Tim.
714 2763 822 2812 cap.
855 2762 902 2794 2.

134 2830 206 2893 (2)
242 2830 293 2878 Ὀ
334 2825 439 2882 δαεὶς
476 2824 625 2878 ἑαυτὸν
666 2826 915 2894 οἷντῖλυτροι
967 2823 1072 2892 ἆπέρ

65 2907 251 2960 πάντων.

135 2992 198 3056 (3)
235 2992 391 3042 Kaiser
421 3031 434 3054 7
474 2990 609 3042 Bibl.
649 2989 785 3040 theol.
827 2988 923 3038 263
944 3027 960 3052 7
1005 2988 1075 3038 De

68 3073 221 3123 Wette
238 3112 251 3134 ,
274 3074 415 3124 Bibl.
449 3074 609 3139 eloym.
652 3082 766 3122 tom.
789 3090 839 3136 1,
866 3089 974 3138 pag.
1007 3068 1073 3139 95

69 3168 114 3204 et
149 3172 279 3221 seqq.
319 3157 489 3222 aliique
524 3158 694 3222 passim
731 3158 781 3203 in
814 3172 867 3203 eo
905 3171 1074 3203 conve-

72 3239 208 3284 niunt
223 3274 237 3297 7
257 3247 311 3286 nt
333 3248 534 3291 asserant
553 3275 570 3298 7
585 3238 834 3302 discipulos
855 3236 965 3292 Jesu
987 3273 1001 3297 7
1035 3238 1075 3283 i-

72 3321 354 3384 gnominiam
367 3317 621 3384 suppliciis
642 3318 824 3368 Christo
848 3318 1078 3367 subeundi

74 3401 304 3449 deleturos
321 3434 339 3461 ‚
379 3409 484 3465 post
516 3401 612 3448 fata
652 3401 841 3450 demum
865 3438 878 3462 ,
912 3411 964 3449 ut
993 3402 1098 3465 ipsi.

73 3482 149 3547 loq
156 3491 351 3542 uantur,
368 3481 566 3533 doctoris
588 3482 755 3543 divini,
770 3482 842 3532 vel
856 3479 1080 3531 nonnulla

75 3566 217 3629 ipsius
262 3563 500 3628 allegorice
540 3563 663 3612 dieta
706 3563 763 3612 de
804 3574 950 3612 morte
994 3562 1082 3611 sibi

76 3645 281 3696 instante
311 3647 585 3696 convertisse
604 3647 654 3694 in
670 3644 794 3695 hanc
811 3645 1084 3694 sententiam

1154 2337 1244 2386 bus
1270 2339 1327 2387 de
1352 2336 1493 2402 λέγῃ,
1523 2340 1765 2388 sacerdotis
1781 2342 1923 2388 instar
1949 2349 1994 2387 et
2017 2342 2160 2388 inter-

1157 2421 1343 2468 cessoris
1392 2421 1601 2468 homines
1653 2437 1761 2468 cum
1815 2420 1913 2468 Deo
1954 2422 2161 2468 reconci-

1156 2499 1295 2549 liante
1307 2539 1320 2560 7
1338 2498 1393 2548 V.
1410 2499 1464 2551 T.
1488 2501 1588 2549 loca
1604 2501 1753 2550 eidem
1773 2501 2161 2561 accommodasse.

1158 2582 1402 2631 Affirmant
1421 2582 1591 2648 Evang.
1605 2582 1832 2630 Joannem
1860 2581 1948 2630 alio
1970 2584 2162 2630 omnino

1159 2680 1295 2714 sensu
1312 2665 1371 2713 ab
1388 2681 1440 2713 eo
1459 2701 1472 2723 7
1491 2681 1584 2730 quo
1600 2663 1849 2729 protulerat
1869 2662 2005 2711 Joan.
2023 2663 2159 2728 Bapt.

1159 2748 1333 2796 dictum
1352 2750 1579 2811 accepisse
1594 2780 1608 2805 7
1627 2745 1754 2811 quod
1771 2744 1908 2793 Joan.
1929 2757 1947 2793 ι
1964 2779 1982 2807 ,
1999 2760 2065 2811 29
2082 2757 2164 2793 ex—

1160 2839 1256 2890 tat,
1291 2843 1343 2876 ex
1381 2837 1695 2893 praeconcepta
1728 2829 1951 2875 sententis
1990 2843 2072 2873 sua
2106 2825 2165 2873 de

1159 2920 1306 2958 morte
1330 2908 1502 2957 Christi
1530 2911 1779 2974 expiatoria
1802 2909 1927 2970 3imo
1943 2915 1986 2955 et
2001 2905 2164 2953 Jesum

1159 2993 1311 3057 ipsum
1338 3029 1351 3050 7
1394 2994 1565 3056 quippe
1611 2991 1690 3055 qui
1732 2987 1952 3036 sacrificia
1992 2988 2169 3052 quaevis

1161 3071 1408 3138 piacularia
1444 3074 1494 3120 in
1530 3088 1671 3135 regno
1711 3066 1881 3118 coelesti
1915 3086 1943 3116 a
1977 3085 2025 3117 se
2056 3084 2169 3116 con-

1162 3155 1314 3203 dendo
1359 3153 1575 3217 abrogare
1622 3147 1756 3199 vellet
1779 3187 1792 3209 7
1842 3159 2037 3199 mortem
2080 3146 2170 3197 sibi

1164 3236 1413 3284 instantem
1431 3242 1650 3299 tanquam
1667 3230 1938 3298 symbolum
1952 3229 2169 3279 inlocum

1164 3316 1347 3365 illorum
1397 3311 1764 3364 substituendam
1807 3312 1876 3360 ad
1917 3313 2170 3378 opiniones

1167 3396 1428 3463 oequalium
1463 3394 1808 3445 accommodate
1830 3409 2173 3458 nonnunquam

1166 3479 1454 3545 proposuisse
1478 3513 1493 3536 7
1529 3494 1622 3543 quo
1659 3479 1792 3525 citius
1836 3478 1921 3524 ista
1956 3473 2175 3522 sacrificia

1168 3559 1227 3608 ad
1240 3558 1356 3608 illud
1371 3574 1517 3626 usque
1529 3568 1712 3623 tempus
1725 3558 1886 3607 usitata
1900 3557 2177 3621 antiquaret.

1831 3745 1931 3804 21.
