2534 4088
293 247 447 286 PART.
497 246 537 283 1.
586 244 707 282 GAP.
751 242 835 279 111.
882 241 951 279 DE
994 239 1122 277 JESU
1165 237 1456 278 NAZARENO
1497 236 1646 277 VERO
1689 233 1901 274 MESSIA.
2073 214 2149 272 93

845 437 1248 492 PROPOSITIO
1304 440 1346 489 Ι.

52 587 226 646 Jesus
267 583 625 654 Nazarenus
669 602 842 640 verus
883 582 1132 641 Messias
1173 590 1283 653 esc,
1309 584 1379 638 in
1401 579 1741 658 Scripturas
1772 582 2144 659 promissam,

637 687 809 756 atque
851 699 890 734 a
929 677 1165 736 Judaeis
1205 682 1555 753 expectatus.

135 846 268 927 157.
295 869 362 924 In
387 867 422 925 J
426 887 526 925 esu
547 867 842 924 Nazareno
871 863 980 923 tria
1001 861 1098 921 illa
1117 859 1451 942 plenissime
1479 857 1796 940 adimpleta
1821 873 1988 938 sunt,
2020 885 2149 945 quae

51 984 239 1044 nuper
274 961 667 1020 recensuimus
692 1004 708 1034 ‚
745 957 977 1040 epochae
1003 1001 1019 1030 ,
1054 965 1208 1013 notae
1235 964 1295 1013 et
1321 953 1521 1011 munia
1547 955 1817 1035 promissi
1842 967 2016 1037 atque
2045 980 2149 1017 ex-

49 1057 264 1139 pectati
288 1055 530 1114 Messiae.
547 1055 693 1134 Ergo
715 1055 882 1112 Jesus
910 1051 1236 1108 Nazarenus
1265 1058 1352 1108 est
1375 1070 1546 1108 verus
1571 1049 1803 1109 Messias
1825 1095 1841 1125 .,
1873 1051 1936 1109 in
1960 1053 2149 1135 Scrip-

50 1152 193 1209 turis
230 1150 578 1231 promissuS‚
619 1158 801 1227 atque'
828 1166 860 1203 a
894 1143 1106 1203 Judaeis
1144 1154 1498 1225 expectatus,

136 1245 285 1302 158..
302 1245 375 1302 Ac
386 1242 574 1323 primo
589 1238 822 1321 quidem
832 1238 907 1297 ad
920 1237 1165 1320 epochas
1179 1237 1334 1319 quod
1349 1239 1582 1311 attinet,
1598 1249 1665 1296 ut
1678 1260 1748 1298 ex
1764 1237 1931 1300 dictis
1944 1239 2147 1323 liquet,

51 1341 172 1398 istae
199 1357 399 1397 omnes
421 1329 698 1395 desinunt
734 1335 797 1392 in
822 1333 981 1393 urbis
1011 1333 1330 1415 templique
1367 1334 1751 1394 vastationem
1777 1381 1792 1409 .,
1826 1357 1890 1394 ac
1920 1347 2108 1396 cetera
2125 1381 2149 1410 ,

52 1447 178 1516 quae
214 1453 339 1491 eam
367 1429 638 1512 subsequi
680 1428 1005 1503 debebant,
1046 1416 1453 1487 sacrificiorum
1491 1450 1705 1511 nempe
1745 1430 2151 1490 ac-sacerdotii

51 1527 460 1601 cessationem,
501 1536 816 1606 antequam
839 1523 1012 1605 plane
1042 1522 1344 1583 tolleretur
1380 1523 1561 1583 civilis
1594 1534 1845 1605 potestas
1870 1546 1901 1583 a
1928 1526 2148 1607 populo

39 1620 246 1701 judaeo,
278 1616 412 1680 Jam
448 1641 587 1680 vero
631 1619 893 1678 Christus
922 1620 1090 1678 Jesus
1119 1640 1185 1678 eo
1221 1630 1483 1700 tempore
1526 1619 1590 1676 in
1618 1618 1908 1677 mundum
1945 1621 2108 1680 venit
2130 1666 2146 1696 ‚

45 1717 343 1775 fatiscente
371 1726 543 1796 atque
581 1714 655 1773 ad
695 1715 875 1773 finem
911 1725 1262 1796 properante
1287 1713 1624 1772 Judaeorum
1662 1712 1958 1795 republica
1981 1760 1997 1789 ,
2042 1713 2150 1774 sub

49 1809 300 1883 Herode,
318 1822 486 1892 patre
502 1808 751 1870 idumaeo
771 1831 835 1868 ac
855 1821 1044 1868 matre
1068 1808 1444 1867 ascalonitide
1469 1819 1662 1867 natus,
1684 1809 1855 1867 Venit
1871 1810 2017 1868 circa
2035 1810 2151 1869 exi-

46 1917 173 1964 tum
193 1907 337 1964 LXX
361 1904 795 1964 hebdomadum
822 1904 1074 1963 Danielis
1093 1949 1108 1978 ,
1134 1904 1214 1962 ita
1237 1915 1303 1961 ut
1332 1903 1394 1961 in
1422 1904 1538 1962 fine
1565 1901 1948 1963 hebdomadae
1975 1906 2148 1966 LXIX

46 2012 105 2060 et
145 2001 308 2060 initio
337 1998 519 2059 hebd.
548 2001 695 2058 LXX
731 1995 1026 2080 publicam
1054 1998 1141 2056 sui
1173 1998 1372 2057 fecerit
1398 1991 1962 2073 manifestationem,
1995 2000 2144 2058 acin

45 2090 237 2154 medio
277 2095 789 2176 hujuspostremae
829 2092 1209 2154 hebdomadis
1258 2093 1472 2151 occisus
1512 2093 1588 2150 sit
1629 2093 1765 2172 (1)J;
1802 2093 1965 2175 venit
2000 2104 2151 2167 ‘ante

48 2189 206 2249 urbis
232 2211 296 2249 ac
327 2185 533 2271 templi
564 2189 951 2271 direptionem
975 2234 990 2263 ,
1023 2209 1088 2247 ac
1134 2187 1437 2247 sacerdotii
1472 2188 1737 2247 Aaronici
1784 2199 1843 2247 et
1876 2187 2153 2267 legalium

48 2284 451 2343 sacrificiorum
475 2286 854 2343 cessationem
874 2330 890 2359 ,
927 2306 1055 2365 quae
1074 2284 1266 2342 omnia
1310 2282 1482 2366 paulo
1525 2294 1658 2365 post
1684 2282 1863 2364 ipsius
1896 2295 2148 2343 mortem

48 2378 349 2437 subsecuta
405 2388 540 2437 sunt
567 2403 582 2451 ς
634 2380 799 2438 venit
853 2399 1067 2459 nempe
1122 2400 1186 2437 ea
1230 2389 1400 2437 aetate
1438 2424 1455 2454 ,
1514 2399 1627 2458 qua
1680 2389 1949 2436 constans
1992 2378 2152 2460 apud

47 2472 321 2532 Hebraeos
363 2483 423 2531 et
463 2473 687 2532 vicinos·
737 2473 845 2530 fuit
885 2472 1113 2553 opinin,
1147 2472 1260 2531 illis
1310 2471 1670 2553 temporibus
1719 2473 2150 2552 expectandum

47 2588 170 2627 esse
194 2567 461 2626 Messiam
492 2567 601 2648 (2).
633 2568 778 2647 Ergo
805 2565 1036 2648 epochae
1057 2566 1326 2648 promissi
1355 2566 1572 2625 Messiae
1592 2567 1653 2624 in
1684 2567 1887 2625 Jesum
1914 2566 2149 2629 eviden-

46 2673 136 2722 ter
170 2661 521 2744 conspirant.

115 2866 187 2932 (l)
225 2867 325 2916 Hoc
346 2877 447 2916 tum
466 2884 520 2916 ex
535 2867 696 2928 dictis,
712 2885 820 2918 cum
846 2878 1054 2934 ageretur
1136 2866 1352 2916 omnibus
1395 2867 1534 2916 fuisse
1574 2866 1830 2916 intellectos
1847 2904 1861 2927 ,
1898 2870 2015 2933 quin
2052 2869 2148 2917 ulla

48 2949 106 2998 de
121 2951 332 2998 vaticinio
349 2948 573 3012 Danielis,
593 2960 743 3014 patet,
761 2961 861 2998 tum
887 2950 1053 2999 clarius
1136 2951 1328 3016 quaestio
1354 2958 1613 2998 moveretur
1629 2986 1643 3009 ,
1675 2949 1901 3015 quidnam
1920 2950 2041 2998 istud
2060 2949 2149 2998 sibi

47 3031 198 3080 adhuc
224 3031 398 3096 patebit
421 3049 474 3080 ex
502 3032 694 3080 inferius
727 3029 951 3082 dicendis.
1051 3083 1053 3086 Α
1136 3031 1292 3081 vellet.
1308 3029 1404 3079 Nec
1426 3031 1572 3079 solum
1587 3033 1836 3095 generatim
1852 3030 2106 3096 aliquando
2130 3065 2145 3088 ,

56 3114 58 3117 ’
117 3112 183 3176 (2)
219 3112 317 3161 cfr.
356 3113 498 3161 Jahn.
544 3115 593 3161 in
646 3116 725 3164 cit.
771 3112 1059 3179 Appendice
1141 3113 1220 3162 sed
1264 3115 1399 3161 etiam
1439 3112 1517 3160 illa
1545 3115 1726 3177 praecise
1766 3122 1894 3160 aetate
1929 3123 2148 3161 venturus

52 3191 412 3242 hemmawic-w
434 3231 447 3254 ,
492 3194 607 3244 fasc.
651 3212 699 3253 1,
736 3212 838 3259 pag.
873 3193 907 3260 4
927 3233 940 3255 ,
976 3193 1059 3244 ubi
1141 3195 1465 3259 expectabatur
1492 3196 1741 3258 promissus
1773 3194 1884 3241 olim
1918 3193 2108 3242 Messias
2131 3230 2146 3254 ,

47 3284 167 3324 recte
218 3276 426 3326 observat
480 3293 609 3341 spem
661 3279 839 3325 venturi
881 3277 1060 3326 Messias
1140 3286 1276 3341 prout
1301 3276 1420 3324 clare
1445 3276 1592 3324 elucet
1609 3292 1664 3323 ex
1685 3275 2001 3339 evangelistis,
2036 3293 2148 3324 nar-

51 3364 180 3403 aetate
218 3355 386 3406 Christi
435 3358 573 3408 fuisse
594 3359 848 3423 [vulgarem
868 3395 882 3418 ‚
922 3368 1060 3424 prout
1140 3356 1348 3407 rantibus
1367 3395 1381 3417 ‚
1413 3357 1538 3422 quod
1564 3356 1702 3404 modo
1737 3356 1968 3417 Joannes,
2008 3357 2146 3405 modo

50 3437 266 3502 evincunt
286 3441 438 3488 omnia
456 3440 535 3489 illa
562 3439 623 3489 N.
650 3440 706 3490 F.
735 3441 852 3502 loca,
878 3443 929 3488 in
947 3443 1049 3507 qui·
1130 3438 1262 3488 Jesus
1291 3457 1316 3487 a
1347 3436 1575 3504 plerisque
1607 3438 1804 3488 creditus
1846 3438 1985 3487 fuerit
2023 3437 2147 3486 Elias

47 3516 135 3565 bus
165 3518 357 3567 refertur
374 3558 387 3578 ‚
419 3521 558 3571 Joan.
583 3521 831 3588 Baptistam
849 3560 862 3583 ‚
889 3522 1049 3572 Jesum
1130 3535 1381 3586 praecursor
1399 3556 1413 3579 ‚
1454 3520 1570 3585 quin
1605 3521 1741 3568 etiam
1782 3521 1879 3585 ipse
1920 3518 2105 3567 Messias
2128 3554 2143 3579 ‚

48 3607 94 3647 et
117 3599 215 3664 ejus
235 3598 478 3665 discipulos
495 3640 509 3664 ,
537 3606 868 3653 annunciantes
881 3604 1048 3669 adpro·
1131 3601 1298 3651 Matth.
1320 3618 1396 3650 xvi
1415 3638 1429 3662 ,
1456 3598 1516 3664 14
1530 3637 1544 3663 ,
1568 3616 1657 3668 173
1689 3620 1717 3650 x
1736 3637 1751 3663 ,
1784 3599 1842 3649 13
1861 3617 1876 3663 ;
1904 3599 2046 3648 Marc.
2064 3615 2113 3649 v1
2129 3636 2143 3660 ‚

46 3680 270 3745 pinquare
284 3696 476 3746 regnum
491 3684 591 3734 coeli
613 3703 695 3736 seu
711 3685 796 3735 Dei
819 3722 834 3748 ‚
860 3703 967 3736 mox
989 3683 1048 3737 ab
1139 3682 1233 3748 ¹53
1264 3700 1346 3734 vm
1366 3720 1380 3745 ,
1410 3679 1502 3743 283
1535 3699 1606 3745 ix,
1636 3698 1653 3731 ι
1670 3699 1714 3744 1,
1742 3680 1835 3749 ¹33
1862 3679 1980 3732 Luc.
1996 3696 2073 3749 ix,
2094 3696 2146 3750 7ἶ
