2534 4088
281 144 399 205 370

909 162 1102 200 TRACT.
1151 163 1220 198 DE
1265 163 1448 201 CULTU
1494 163 1855 206 SANCTORUM.

274 309 462 392 plane
478 303 763 387 opprimit
780 301 1166 362 adversarios,
1200 305 1346 386 Ipsis
1371 307 1534 366 enim
1559 306 1880 367 fatentibus
1904 354 1919 383 ,
1950 308 2143 368 seculo
2171 309 2274 368 IV0
2305 311 2434 369 uni-

285 424 516 465 versam
538 398 851 459 Ecclesiam
873 403 999 477 jam
1024 399 1324 461 invaserat
1339 399 1464 461 haec
1484 405 1820 485 superstitio
1844 450 1860 478 ,
1886 403 1946 463 id
1964 415 2054 464 est
2074 449 2090 478 ³
2117 403 2312 464 seculo
2329 407 2434 466 lvo

284 508 553 579 receptus
566 493 640 554 ab
658 494 910 564 Ecclesia
925 495 1200 555 universa
1217 507 1343 555 erat
1358 497 1549 556 cultus
1566 510 1626 557 et
1639 499 2302 559 invocatio‘Sanctorum
2318 501 2432 581 (l);

283 616 418 675 ergo
438 639 453 667 7
489 590 894 652 concludimus
915 636 930 665 ‚
955 590 1185 669 jamdiu
1214 604 1445 674 recepta
1479 604 1606 652 erat
1637 593 1831 654 seculo
1857 597 1957 654 III.
2004 598 2237 656 Etenim
2266 598 2313 656 si
2340 597 2437 656 in-

281 691 521 753 novatio
547 690 890 768 contigisset
910 734 926 765 ,
955 689 1085 749 haec
1124 688 1219 750 vel
1246 689 1548 772 extemplo
1595 711 1704 772 per
1746 691 1924 750 totius
1947 691 2250 752 christiani
2278 692 2436 752 orbis

283 787 785 870 conspirationem
810 786 959 845 facta
998 797 1182 860 esset,
1210 785 1305 845 vel
1339 786 1560 846 sensim
1585 808 1651 846 ac
1683 788 1810 846 sine
1846 809 2041 847 sensu.
2092 789 2258 848 Prius
2294 810 2435 850 vero

281 906 539 944 asserere
567 881 894 942 absurdum
938 893 1027 951 est
1056 903 1121 940 ac
1156 904 1398 942 omnem
1443 882 1622 942 fidem
1658 893 1929 965 superat3
1972 885 2260 965 posterius
2298 907 2437 945 vero

282 979 647 1065 impossibile
691 979 936 1038 omnino
987 978 1116 1037 fuit.
1172 981 1290 1037 Nec
1331 980 1490 1037 enim
1531 979 1869 1038 clanculum
1920 979 2253 1039 introducta
2284 993 2390 1040 *est
2418 1026 2435 1056 ,

285 1091 352 1138 ut
406 1076 663 1139 vidimus
691 1122 706 1151 .,
759 1075 861 1135 sed
926 1075 988 1133 in
1040 1073 1288 1156 publicis
1351 1075 1818 1135 Christianorum
1873 1076 2123 1137 coetibus
2179 1075 2439 1136 obtinuit

285 1198 350 1235 ac
403 1170 652 1256 publicis
703 1170 1210 1230 instructionibus
1284 1169 1484 1229 Plures
1545 1171 1720 1229 seculi
1783 1173 1876 1232 IVi
1931 1171 2437 1254 persecutionibus

290 1270 636 1332 Diocletiani
660 1314 675 1344 a
715 1267 1094 1340 Maximiani,
1135 1265 1488 1340 Maximini,
1530 1267 1847 1342 Maxentii,
1880 1268 2096 1328 Galerii
2138 1279 2198 1328 et
2238 1268 2441 1327 Licinii

285 1366 736 1451 supervixerant
756 1408 771 1437 .,
811 1361 921 1421 sub
959 1362 1143 1443 iisque
1187 1372 1389 1435 erant,
1421 1382 1488 1420 ac
1521 1362 1717 1421 mutili
1752 1363 2150 1423 interfuerunt
2174 1362 2435 1423 Concilio

286 1467 544 1525 NicaenO.
578 1458 895 1541 Disciplina
924 1469 1067 1517 tunc
1093 1457 1377 1540 temporis
1413 1470 1647 1539 recepta
1681 1459 2053 1540 postulabat:
2087 1462 2439 1520 Secundum

289 1561 532 1642 requlas
576 1559 848 1617 Palmam
886 1556 980 1613 bis
1024 1558 1090 1613 in
1123 1575 1289 1614 anno
1325 1558 1395 1612 in
1437 1576 1643 1613 unum
1671 1560 1987 1615 convenire
2006 1578 2126 1636 per
2159 1559 2437 1637 sinyulas

272 1660 634 1739 provz'rwz'as
655 1654 1012 1732 Episcopum,
1031 1651 1429 1731 ubz‘sz‘nyitla,
1453 1672 1590 1730 quae
1607 1655 1983 1723 emerserint,
2015 1657 2433 1733 corriqantur,

284 1766 353 1813 ut
384 1751 591 1813 statuit
627 1749 957 1809 Concilium
987 1746 1470 1806 Chalcedonense
1498 1792 1512 1820 ,
1551 1767 1680 1805 can.
1708 1747 1843 1805 XIX
1875 1746 1986 1827 (2).
2017 1749 2272 1807 Rursum
2294 1770 2437 1830 pro-

281 1847 561 1911 vinciales
587 1844 809 1926 Synodi
837 1843 1272 1903 communicare
1296 1840 1598 1913 debebant
1632 1864 1767 1901 cum
1801 1843 2062 1903 universi
2104 1842 2261 1903 orbis
2299 1845 2437 1926 Epi-

289 1946 477 2028 scopis
519 1965 625 2026 per
654 1940 931 2024 epistolas
966 1939 1287 2020 encyclicas
1324 1938 1438 2018 (3).
1474 1939 1532 1998 Si
1571 1961 1684 2021 qua
1720 1939 1897 2019 igitur
1934 1939 2140 2000 fuisset
2177 1939 2242 1998 in
2278 1938 2442 1999 cultu

288 2054 348 2102 et
386 2040 759 2103 invocatione
809 2039 1158 2095 Sanctorum
1199 2035 1508 2097 innovatio
1537 2080 1552 2110 ,
1603 2035 1784 2118 aliqui
1820 2035 2031 2096 saltem
2068 2058 2140 2097 ex
2180 2046 2268 2095 tot
2304 2058 2443 2095 san-

290 2136 562 2199 ctissimis
589 2157 655 2195 ac
683 2132 1035 2193 doctissimis
1067 2131 1364 2215 Episcopis
1386 2176 1403 2206 ,
1448 2130 1664 2214 quibus
1712 2143 1851 2192 aetas
1895 2132 1992 2192 illa
2035 2132 2299 2215 maxime
2329 2131 2442 2191 flo-

368 2355 435 2421 (l)
472 2354 574 2402 Hoc
613 2355 787 2418 quippe
829 2351 1037 2399 fatentur
1075 2348 1331 2398 Centuria-

296 2452 416 2490 tores
446 2437 748 2503 Magdeburg.
780 2436 989 2483 centuria
1021 2450 1095 2491 iv,
1125 2451 1231 2498 cap.
1263 2431 1328 2497 43

297 2521 535 2571 NVilacker
554 2557 567 2579 ,
592 2518 777 2566 Contra
796 2510 1329 2581 Bellav³212.;Hospinia—

297 2625 420 2665 nus,
455 2614 575 2670 part.
617 2619 634 2650 1
663 2639 676 2661 ‚
711 2599 851 2648 Hinc.
884 2615 1097 2647 sacram.
1131 2598 1214 2646 lib.
1254 2613 1323 2659 11,

295 2706 400 2754 cap.
426 2705 451 2754 7
472 2724 485 2747 ,
505 2696 548 2734 et
574 2685 650 2732 alii
666 2683 933 2732 Calvinislae
954 2719 967 2743 ‚
993 2683 1296 2747 clamantque
1313 2719 1325 2741 ‚

299 2788 380 2837 pro
412 2770 707 2817 invocatione
731 2765 1009 2813 Sanctorum
1034 2767 1134 2831 jam
1162 2772 1232 2813 1v⁰
1256 2781 1328 2812 se-

297 2853 405 2903 culo
429 2852 527 2900 fere
549 2864 711 2898 omnes
741 2847 897 2895 Patres
928 2858 1047 2896 stare
1068 2885 1081 2908 ‚
1116 2845 1327 2894 Athana-

296 2939 423 2986 sium
444 2972 457 2995 ,
485 2932 709 2981 Basiliam
729 2967 742 2989 ‚
771 2928 1126 2977 Nazianzenum
1143 2964 1156 2988 ,
1176 2928 1327 2994 Chry-

299 3029 557 3069 sostomum
579 3053 593 3075 ‚
613 3013 912 3062 Ambrosium
931 3049 944 3072 ‚
963 3011 1323 3077 Hieronymum,

298 3101 646 3165 Augustinum,
683 3115 857 3163 eosque
889 3097 937 3143 in
973 3095 1063 3142 hoe
1096 3111 1208 3142 cum
1241 3112 1326 3159 pa-

295 3186 426 3251 pistis
443 3199 634 3231 errasse.
652 3179 769 3245 Quis
787 3196 893 3228 vero
911 3180 1014 3243 pius
1032 3187 1077 3225 et
1092 3176 1296 3241 prudens
1311 3213 1327 3238 ,

295 3278 349 3316 ut
387 3267 561 3332 optime
603 3265 752 3328 arguit
789 3261 929 3310 Vitus
971 3259 1323 3309 Erbermannus

292 3353 343 3399 in
376 3345 421 3396 V
425 3346 632 3396 indiciis
673 3344 1005 3404 Bellarmini,
1049 3361 1146 3391 non
1193 3340 1323 3390 malit

295 3451 406 3482 cum
431 3432 586 3499 quarti
615 3440 660 3478 et
688 3430 842 3495 quinti
872 3427 1015 3476 seculi
1046 3429 1122 3491 (in
1150 3426 1322 3492 quibus

294 3533 342 3563 iv
358 3515 570 3564 Concilia
587 3513 878 3563 oecumenica
907 3510 1135 3559 celebrata
1164 3509 1323 3571 fuere)

295 3599 597 3647 sanctissimis
639 3593 851 3644 Patribus
891 3593 1131 3658 desipere,
1176 3608 1323 3658 quam

296 3697 405 3728 eum
420 3682 516 3729 istis
529 3675 919 3742 neo-evangelicis
939 3678 1138 3741 sapere?
1171 3674 1258 3738 Et,
1289 3675 1326 3723 si

1417 2349 1688 2399 idololatriae
1713 2353 1932 2400 immersa
1954 2352 2043 2400 fuit
2063 2352 2268 2401 Ecclesia
2288 2354 2441 2418 quarti

1417 2444 1463 2482 et
1494 2436 1648 2500 quinti
1677 2435 1847 2496 seculi,
1871 2446 2208 2502 consequenter
2231 2436 2441 2485 adultera

1416 2517 1534 2566 facta
1562 2527 1631 2567 est
1642 2553 1660 2580 ,
1682 2535 1769 2566 nec
1793 2518 1934 2567 fidem
1956 2527 2160 2567 meretur
2178 2521 2229 2566 in
2247 2519 2441 2568 decretis

1415 2610 1616 2665 quatuor
1647 2599 1967 2650 Conciliorum
1993 2601 2299 2666 generalium.
2336 2599 2438 2650 Cfr.

1414 2681 1557 2731 Card.
1578 2682 1823 2731 Perronius
1845 2685 1895 2731 in
1932 2682 2171 2750 Replicat.
2192 2682 2258 2730 ad
2291 2681 2439 2731 Jaco-

1413 2765 1528 2812 bu‘m
1552 2782 1595 2814 vi
1614 2803 1627 2826 ,
1670 2767 1957 2815 Britanniae
1981 2783 2139 2831 reqem
2163 2803 2177 2827 ‚
2201 2783 2308 2831 pag.
2337 2762 2431 2829 641

1412 2858 1457 2896 et
1485 2865 1620 2914 seqq.

1479 2930 1554 2995 (2)
1593 2929 1693 2980 Cfr.
1725 2929 1853 2979 Aeta
1888 2929 2039 2984 Cone.
2068 2930 2211 2979 Hard.
2240 2940 2339 2979 tom
2362 2945 2400 2976 11
2418 2964 2431 2989 ,

1413 3013 1504 3062 coL
1545 3010 1667 3080 609.

1483 3095 1547 3158 (3)
1585 3096 1686 3144 Cfr.
1721 3113 1871 3143 canon
1904 3113 1965 3154 v,
2001 3092 2199 3141 Concilii
2234 3089 2432 3151 Niceni‚

1411 3177 1528 3225 ibid.
1546 3189 1660 3226 tom.
1675 3195 1691 3226 1
1706 3214 1719 3237 ‚
1737 3177 1823 3225 col.
1847 3175 1944 3224 323
1974 3185 2127 3241 etseq.
2146 3184 2189 3223 et
2204 3191 2357 3222 canon
2374 3190 2434 3222 xx

1411 3259 1609 3308 Concilii
1632 3259 1908 3307 Antiocheni
1925 3259 2036 3305 anni
2056 3255 2148 3321 341
2170 3294 2185 3318 ,
2202 3256 2320 3305 ibid.
2341 3257 2434 3305 col.

1411 3339 1503 3389 601
1527 3341 1925 3403 3vid.Decrctum
1943 3338 2203 3401 Gratiani,
2223 3339 2326 3388 dist.
2347 3335 2434 3397 183

1411 3424 1463 3474 S.
1492 3424 1584 3472 Leo
1616 3423 1680 3471 M.
1710 3420 1816 3488 Ep.
1842 3439 1950 3483 xv1‚
1974 3440 2080 3488 cap.
2108 3439 2135 3488 7
2155 3460 2168 3482 ,
2189 3421 2300 3470 edit.
2327 3420 2436 3469 Bal-

1411 3508 1564 3557 lerinii
1586 3543 1599 3566 ‚
1634 3505 1727 3553 ubi.
1747 3503 1799 3554 S.
1836 3504 2047 3556 Pontifex
2075 3505 2199 3553 hanc
2227 3503 2437 3569 regulam

1411 3589 1613 3640 inculcat
1648 3604 1738 3654 pro
1785 3587 2007 3638 custod-ia
2043 3584 2435 3636 concordissimae

1410 3672 1635 3723 unitatis.
