2534 4088
979 186 1174 227 TnAc'r.
1222 187 1290 223 DE
1334 184 1758 225 INGARNATIONE
1769 207 1781 220 .

311 177 389 235 66

311 340 575 402 efficiunt
609 355 793 396 annos
826 327 1286 412 quadringentos
1327 337 1396 400 et*
1427 327 1767 407 nonaginta.
1795 321 2094 404 Ejusmodi
2119 322 2439 384 hebdoma-

311 437 455 497 dum
480 456 616 493 usus
640 433 702 490 in
723 426 1034 509 Scripturis
1064 446 1187 481 non
1211 422 1553 503 infrequens
1570 433 1694 496 est,
1722 430 2258 481 commemorantur
2277 420 2439 479 enim

309 533 492 593 Levit.
535 527 716 599 XXV,
748 524 999 597 83Gen.
1046 519 1271 593 XXIX,
1299 516 1415 592 27,
1445 516 1527 576 28
1556 562 1573 592 ,
1622 529 1684 577 et
1722 516 1860 576 alibi
1902 516 2120 598 passim
2160 513 2269 594 (1).
2324 514 2440 574 Sed

308 649 503 711 neque
529 627 743 705 ignotae
772 618 1027 700 antiquis
1055 613 1289 698 populis
1320 610 1717 672 hebdomades
1744 616 2037 671 annorum
2068 611 2307 669 fuerunt
2328 654 2345 683 ,
2388 609 2438 668 si

306 723 551 809 quidem
592 718 823 779 Marcus
862 716 1043 774 Varro
1070 756 1086 786 ,
1122 720 1355 771 auctore
1388 709 1456 767 A.
1490 705 1676 767 Gellio
1697 752 1713 782 ,
1758 708 1934 767 Noct.
1965 709 2150 767 Attio.
2179 704 2282 764 lib.
2316 705 2433 780 111,

307 843 434 902 cap.
469 819 546 892 X,
569 815 633 874 in
654 814 845 897 primo
864 809 1148 869 librorum
1164 852 1179 881 ,
1203 806 1303 888 qui
1326 801 1728 862 inscribuntur
1743 804 2179 877 Hebdomades,
2208 798 2431 876 scribit,

304 921 527 995 sejam
553 911 972 971 duodecimam
1005 916 1315 964 annorum
1346 899 1782 958 hebdomadam
1815 902 2154 977 inyressam
2189 918 2303 956 esse
2323 940 2339 971 ,
2381 906 2438 954 et

304 1014 392 1074 ad
410 1032 549 1071 eum
587 1010 747 1067 diem
789 1007 1171 1084 septuaqinta
1209 998 1609 1057 hebdomadas
1645 997 1944 1055 librorum
1991 996 2428 1073 conscripsisse.

305 1109 594 1170 Motivum
621 1101 983 1187 praecipuum
1001 1143 1017 1174 ,
1047 1118 1150 1156 cur
1175 1092 1384 1154 Daniel
1405 1091 1775 1173 usurpaverit
1803 1092 1952 1150 LXX
1974 1107 2264 1148 annorum
2294 1086 2436 1146 heb-

306 1204 587 1266 domadas
605 1247 620 1276 ,
657 1197 985 1260 desumitur
1011 1215 1084 1253 ex
1113 1189 1395 1250 relatione
1428 1186 1505 1247 ad
1533 1189 1682 1246 LXX
1704 1208 1889 1245 annos
1919 1188 1955 1244 J
1959 1184 2192 1245 eremiae
2213 1231 2229 1260 ,
2263 1182 2343 1241 ita
2367 1192 2437 1240 ut

304 1300 545 1382 singulis
584 1293 900 1359 eversionis
937 1289 1107 1350 annis
1134 1283 1566 1368 responderent
1601 1281 1851 1341 totidem
1881 1302 2175 1340 annorum
2207 1275 2436 1338 hebdo-

302 1395 505 1457 mades
540 1440 556 1470 ,
602 1411 788 1474 usque
831 1386 907 1448 ad
946 1399 1170 1448 novum
1199 1402 1265 1440 ac
1293 1390 1662 1462 postremum
1704 1375 1875 1436 Urbis
1904 1374 2197 1436 excidium
2218 1418 2235 1448 ,
2276 1369 2435 1455 quod

301 1503 436 1575 post
470 1488 867 1573 expletionem
900 1483 1049 1543 LXX
1101 1474 1544 1539 hebdomadum
1585 1474 1777 1556 reipsa
1819 1472 2083 1553 contigit.

369 1645 435 1708 (l)
473 1643 572 1694 Cfr.
601 1642 752 1692 Levit·
780 1654 897 1687 XXV1
916 1672 932 1701 2
966 1632 1033 1699 34
1052 1671 1067 1695 ,
1096 1630 1160 1683 35
1182 1670 1196 1694 ²
1223 1629 1289 1695 43
1310 1667 1323 1691 2
1409 1644 1734 1691 nominaverit.
1752 1638 2430 1706 Cfr.Hengstenberg,loc.cit.

302 1738 346 1778 et
377 1745 414 1776 11
442 1726 642 1791 Paralip.
673 1736 818 1773 xxxv1
836 1759 849 1781 ,
875 1736 932 1768 21
956 1757 970 1781 ,
1000 1717 1084 1766 ubi
1105 1715 1327 1780 septimus

301 1827 452 1859 annus
481 1824 702 1873 magnum
729 1803 996 1852 Sabbatum
1040 1798 1113 1847 vel
1144 1794 1328 1845 Sabba-

301 1902 405 1941 tum
435 1891 705 1955 simpliciter
737 1895 942 1935 vocatur.
975 1881 1133 1947 Quum
1153 1881 1323 1944 igitur,

300 1984 352 2023 ut
381 1975 622 2022 innuimus
641 2008 655 2031 ‚
677 1986 813 2018 causa
836 1966 1098 2032 praecipua‚
1121 1977 1205 2009 cur
1225 1957 1327 2005 An-

300 2055 428 2121 gelus
454 2055 741 2119 septuaginta
768 2044 1087 2098 hebdomadas
1109 2060 1189 2091 seu
1205 2039 1325 2089 Sab-

299 2137 411 2185 bata
433 2146 676 2195 memoret,
702 2135 760 2182 sit
785 2131 947 2180 relatio
981 2127 1041 2176 ad
1069 2141 1218 2174 annos
1240 2140 1324 2170 Lxx

299 2218 512 2268 Jeremiae
531 2253 544 2275 ‚
571 2202 905 2282 pramunciavit
934 2209 1191 2273 septuagies
1219 2222 1323 2269 sep-

299 2301 387 2349 ties
432 2302 569 2348 annis
615 2313 818 2346 reversos
851 2292 881 2342 J
886 2292 1040 2341 udaeos
1081 2287 1140 2337 ab
1185 2285 1324 2336 exilio

297 2381 580 2448 babylonico
598 2417 612 2441 ,
645 2376 846 2443 amplius
872 2379 1239 2423 commoraturos
1272 2370 1325 2415 in

296 2474 421 2514 terra
450 2472 638 2528 patrum
673 2475 895 2516 suorum,
931 2468 1076 2521 quam
1106 2453 1160 2499 in
1185 2450 1322 2500 exilio

296 2546 592 2595 defluxerint.
626 2541 823 2590 Nullum
863 2537 1070 2603 profecto
1105 2533 1322 2582 solatium

298 2627 501 2694 Angelus
518 2625 700 2675 Danieli
716 2622 941 2673 attulisset
957 2656 970 2679 ,
990 2620 1027 2666 si
1049 2634 1134 2683 pro
1151 2632 1215 2683 7⁰
1236 2632 1322 2663 an·

299 2713 373 2759 his
404 2710 656 2759 eversionis
698 2707 812 2755 alios
848 2719 910 2770 7⁰
942 2717 1090 2768 usque
1133 2698 1194 2747 ad
1234 2714 1322 2746 no-

299 2810 413 2842 vum
428 2791 661 2840 excidium
679 2784 988 2836 decurrendos
1016 2779 1319 2848 praedixisset.

299 2873 513 2924 Addatur
532 2910 545 2934 ,
583 2887 646 2938 70
675 2870 839 2918 ductos
861 2884 943 2933 per
972 2882 999 2932 7
1030 2862 1322 2912 constituisse

301 2973 485 3005 sacrum
535 2968 804 3003 numerum.
867 2937 1056 3013 Septem
1106 2951 1322 3010 praeterea

297 3037 619 3087 hebdomadas
640 3047 872 3084 annorum
904 3028 1102 3079 durabat
1129 3025 1286 3093 cyclus
1303 3062 1317 3086 ,

296 3120 385 3169 sub
413 3123 552 3188 cujus
577 3118 718 3167 finem
749 3114 896 3164 civilis
915 3112 1141 3161 restitutio
1166 3110 1218 3157 in
1242 3111 1320 3156 -in-

295 3215 482 3269 tegrum
515 3201 681 3259 fiebat;
709 3209 937 3265 postrema
965 3203 1205 3260 propterea
1234 3207 1320 3239 mxx

296 3283 651 3342 hebdomadum
673 3297 909 3330 annorum
937 3277 1131 3343 spectari
1157 3274 1317 3333 debet,

299 3378 355 3418 ut
388 3383 632 3416 summum
672 3366 886 3413 omnium
933 3358 1230 3429 sabbatorum
1274 3365 1321 3406 et

299 3461 483 3516 tempus
513 3450 699 3513 integrae
722 3445 1024 3494 restitutionis
1046 3439 1316 3507 spiritualis,

300 3526 359 3581 ad
390 3547 530 3598 quam
559 3530 632 3578 lex
658 3527 966 3586 referebatur,
989 3535 1033 3575 et
1058 3522 1320 3590 praedicitur

302 3632 329 3662 a
345 3613 538 3662 Daniele
551 3612 706 3661 futura
725 3629 773 3659 v.
791 3607 876 3672 24.
901 3608 1052 3674 Atque
1071 3607 1185 3661 hinc
1202 3606 1317 3652 ratio

294 3695 528 3755 redditur,
557 3705 698 3760 quare
721 3693 875 3757 potius
903 3688 1104 3755 Angelus
1129 3697 1318 3753 septua-

298 3779 427 3842 ginta
466 3774 781 3826 hebdomadas
836 3790 979 3840 quam
1032 3787 1177 3821 annos
1216 3766 1317 3837 490

1409 1742 1517 1790 pag.
1552 1721 1652 1788 408
1692 1732 1738 1772 et
1776 1740 1907 1789 seqq.
1944 1720 2428 1770 Animadvertendum

1409 1817 1626 1872 praeterea
1645 1815 1714 1854 est
1730 1805 1945 1854 adversus
1958 1802 2211 1853 nonnullos
2225 1808 2402 1852 veteres
2414 1840 2429 1864 ,

1407 1887 1436 1936 J
1442 1887 1589 1935 ulium
1632 1888 1936 1947 Africanum,
1971 1885 2313 1934 Theodoretum
2335 1921 2349 1945 ‚
2387 1893 2433 1933 et

1408 1970 1686 2018 recentiores
1727 1968 1984 2027 Raetiam,
2030 1966 2298 2026 Pererium‚
2337 1975 2428 2015 etc.

1407 2051 1485 2099 hic
1525 2069 1622 2100 non
1656 2052 1729 2114 agi
1773 2050 1831 2099 de
1867 2051 2003 2098 annis
2045 2047 2290 2097 lunaribus
2328 2044 2430 2110 354

1407 2134 1588 2183 dierum
1609 2171 1622 2194 ‚
1643 2133 1724 2182 sed
1740 2133 1797 2181 de
1814 2132 2040 2181 solaribus
2057 2167 2071 2190 ‚
2093 2130 2276 2179 dierum
2294 2145 2432 2178 nem·-

1407 2232 1466 2280 pe
1481 2204 1604 2266 365.
1619 2215 1829 2274 Etenim,
1845 2224 2152 2279 praeterquam
2166 2211 2298 2278 quod
2320 2228 2430 2277 pro-

1405 2297 1545 2362 pheta
1560 2335 1573 2356 ‚
1593 2315 1741 2363 quum
1755 2314 1854 2344 non
1871 2296 2104 2343 monuerit
2122 2331 2134 2352 ,
2151 2311 2199 2342 se
2213 2293 2272 2342 de
2292 2294 2427 2341 annis

1404 2379 1647 2428 lunaribus
1676 2380 1805 2444 loqui
1826 2413 1841 2440 ,
1865 2377 2194 2425 obscuritatem
2213 2375 2429 2440 ingessis-

1405 2470 1504 2521 set,
1537 2460 1739 2509 ostendit
1774 2470 1986 2524 praeterea
2012 2456 2263 2517 Prideaux‚
2285 2455 2426 2506 Hist.

1404 2541 1485 2590 des
1517 2540 1685 2607 Juifi,
1732 2552 1846 2607 part.
1896 2556 1914 2589 1
1939 2577 1953 2601 ,
2000 2540 2083 2589 lib.
2123 2554 2181 2599 v,
2220 2548 2427 2603 tempore

1404 2623 1614 2672 Danielis
1652 2622 1824 2671 nullibi
1855 2638 2004 2671 annos
2033 2622 2220 2670 lunares
2251 2622 2302 2668 in
2336 2638 2426 2669 usu

1402 2705 1565 2755 fuisse.
1598 2704 1749 2764 Sane,
1779 2722 1886 2753 cum
1919 2704 2046 2754 idem
2071 2702 2196 2752 Dan.
2225 2719 2291 2750 xn
2310 2739 2325 2762 ‚
2363 2718 2422 2767 7,

1403 2788 1685 2853 praedixisset
1718 2786 2016 2836 afflictionem
2044 2786 2204 2851 populi
2227 2785 2424 2834 duratu-

1401 2887 1503 2919 ram
1529 2885 1610 2936 per
1624 2878 1810 2936 tempus
1834 2879 1881 2918 et
1901 2877 2084 2935 tempus
2103 2878 2147 2917 et
2159 2867 2424 2916 dimidium

1400 2953 1626 3019 temporis
1646 2990 1659 3014 ,
1679 2951 1728 3000 id
1757 2962 1853 3014 est,
1886 2969 1967 3017 per
1993 2960 2084 2999 tres
2102 2968 2249 2999 annos
2274 2959 2320 2999 et
2345 2948 2421 3000 di-

1402 3034 1602 3083 midium
1623 3071 1637 3094 ‚
1668 3032 1839 3084 deinde
1858 3071 1872 3094 ,
1891 3051 1934 3083 v.
1958 3049 1976 3082 1
1992 3048 2009 3081 1
2035 3069 2049 3093 ‚
2074 3032 2199 3081 idem
2221 3037 2421 3099 spatium

1401 3116 1491 3166 alia
1518 3118 1867 3182 computatione
1898 3130 1983 3181 per
2025 3115 2123 3164 dies
2163 3131 2289 3182 1290
2330 3135 2423 3167 nu-

1402 3209 1564 3248 merat.
1610 3198 1666 3247 In
1697 3216 1791 3265 quo
1831 3210 2028 3245 numero
2069 3196 2178 3244 licet
2219 3212 2280 3245 η
2323 3198 2422 3249 dies

1398 3281 1730 3347 praedictorum
1757 3297 1986 3329 annorum
2008 3278 2230 3328 solarium
2266 3299 2421 3347 quan-

1400 3367 1580 3413 titatem
1623 3371 1877 3429 superent,
1915 3372 2070 3410 tamen
2112 3364 2276 3428 exigua
2323 3364 2421 3413 haec

1399 3447 1701 3512 discrepantia
1715 3444 1916 3494 conferri
1930 3445 2097 3509 nequit
2109 3460 2217 3492 cum
2234 3444 2419 3495 defectu

1399 3527 1580 3586 dierum
1610 3526 1669 3576 51
1693 3565 1707 3588 ‚
1736 3530 1786 3576 in
1811 3527 2056 3593 hypothesi
2088 3544 2320 3577 annorum
2347 3528 2415 3576 lu·

1398 3612 1602 3659 narium.
1637 3609 1734 3659 Cfr.
1774 3608 1984 3669 Nicola’i,
2018 3607 2162 3658 Diss.
2205 3625 2317 3672 xvt,
2355 3610 2414 3657 in

1400 3690 1590 3743 Daniel.
