2534 4088
248 189 318 246 10
907 204 1106 243 ΤιιΑοΤ.
1155 206 1222 242 nu
1265 207 1703 247 mcufflA'rronE.

244 371 374 433 quae
406 370 478 408 ex
505 345 899 408 Pentateucho
927 358 1311 406 monumenta
1346 345 1696 429 protulimus
1713 395 1728 425 ,
1754 361 1814 411 et
1834 373 1964 433 quae
1988 374 2123 412 mox
2147 353 2365 416 iterum-

243 444 611 524 subjiciemus
642 489 657 518 ,
704 461 832 502 eam
877 462 1114 522 prorsus
1151 442 1539 520 convellunt,
1581 452 1707 505 tum
1755 445 2008 530 denique
2053 449 2187 531 quia
2224 453 2359 511 uni-

243 562 429 601 versae
461 538 785 599 Israeliticae
845 537 1031 616 gentis
1091 538 1454 619 persuasioni
1510 561 1576 600 ac
1626 540 1948 617 traditioni·
1986 555 2187 626 aperte
2243 546 2354 604 ad-

232 647 518 698 versatur.

318 733 412 792 18.
461 731 676 791 Mirum
712 738 910 787 autem
936 749 1058 788 esse
1101 751 1223 788 non
1256 727 1472 805 debet,
1513 731 1671 812 quod
1704 732 1869 793 nulla
1902 746 2164 796 occurrat
2192 738 2349 797 Mes-

229 829 326 887 siae
364 825 586 886 mentio
615 825 677 882 in
716 823 998 905 Decalogo
1026 870 1042 899 ,
1080 846 1214 884 cum
1239 825 1301 884 in
1326 846 1394 885 eo
1420 825 1781 906 agendorum
1809 829 1998 909 potius
2018 831 2213 911 regula
2237 843 2350 891 tra-

228 923 400 982 datur
425 943 603 1004 quam
630 919 1078 980 credendorum.
1116 922 1256 994 Quae
1289 920 1717 983 animadversio
1748 944 1913 1005 aeque
1933 925 1997 984 in
2031 925 2348 988 Letiticum

228 1017 513 1099 quadrat,
552 1016 647 1075 hic
680 1016 839 1075 enim
872 1015 1043 1076 Liber
1074 1028 1228 1076 totus
1257 1017 1319 1076 in
1350 1039 1418 1076 eo
1443 1028 1561 1093 est,
1601 1029 1672 1077 ut
1706 1019 2034 1080 sacerdotes
2063 1033 2120 1081 et
2140 1022 2348 1085 levitas

227 1114 498 1172 instituat
552 1113 699 1172 cirea
761 1106 1109 1171 exteriorem
1175 1112 1439 1173 Mosaicae
1498 1112 1792 1194 religionis
1852 1115 2076 1175 cultum
2120 1139 2184 1176 ac
2237 1140 2349 1178 cae-

225 1209 541 1269 remoniaS.

315 1306 411 1365 19.
461 1304 693 1365 Falsum
719 1303 976 1387 denique
1006 1315 1129 1379 est,
1157 1304 1222 1362 in
1245 1304 1486 1386 reliquis
1516 1306 1728 1387 Moysis
1757 1305 1922 1366 libris
1959 1308 2179 1367 Messioe
2211 1331 2350 1390 pro-

227 1402 565 1461 missionem
602 1401 843 1460 minime
868 1400 1132 1482 reperiri.
1177 1401 1407 1459 Etenim
1449 1412 1660 1481 praeter
1692 1401 1972 1484 palmaria
2016 1403 2139 1463 loca
2169 1451 2185 1480 ,
2224 1427 2351 1489 quae

227 1496 578 1556 adduximus
608 1518 676 1556 ex
713 1500 856 1556 Gen.
900 1497 979 1554 ΙΙΙ
1014 1507 1075 1556 et
1114 1497 1328 1572 XLIX,
1365 1496 1663 1557 luculenta
1702 1510 1842 1556 sunt
1883 1499 2091 1579 Moysis
2129 1500 2308 1562 verba
2332 1547 2347 1576 ,

226 1595 397 1652 Deut.
425 1594 643 1668 XVIII,
679 1590 751 1650 15
794 1615 805 1650 :
850 1593 1220 1672 Prophetam
1254 1593 1325 1651 cle
1358 1603 1529 1673 gente
1573 1603 1684 1652 tua
1721 1604 1778 1652 et
1802 1595 1871 1652 de
1894 1597 2207 1673 fratribus
2231 1602 2352 1656 tuis

224 1696 376 1747 sicut
418 1710 510 1747 me
550 1689 871 1747 suscitabit
910 1690 1029 1746 tihi
1069 1691 1373 1748 Dominus
1413 1691 1619 1758 Deus,·
1661 1693 1867 1770 zpsum
1909 1691 2120 1751 audies
2151 1716 2177 1765 ,-
2222 1702 2353 1752 tum

227 1783 406 1845 verba
450 1785 554 1843 Dei
594 1785 777 1867 ipsius
797 1829 818 1857 ,
861 1783 1004 1842 ibid.
1060 1784 1135 1844 18
1162 1810 1179 1843 .·
1221 1785 1590 1865 Prophetam
1630 1787 1932 1845 suscitabo
1955 1791 2040 1845 cis
2074 1788 2348 1848 demedio

219 1883 502 1959 fratrum
533 1902 785 1940 suorum
811 1882 1072 1940 similem
1097 1884 1194 1938 tui
1213 1923 1235 1953 7
1263 1891 1320 1939 et
1338 1902 1574 1960 ponam
1605 1883 1787 1940 verba
1809 1904 1943 1940 mea
1968 1886 2041 1941 in
2064 1904 2161 1942 ore
2178 1888 2313 1962 ejus
2327 1928 2349 1955 ,

225 1977 614 2056 loqueturque
655 1979 742 2036 acl
778 1998 868 2035 eos
911 1980 1118 2035 omnia
1154 2020 1202 2048 ,a
1235 1997 1368 2054 quoe
1411 1997 1754 2056 praecepero
1797 1979 1898 2035 illa·
1920 2002 1936 2050 ς
1999 1981 2114 2056 qui
2150 1989 2353 2036 autem

227 2074 408 2130 verba
444 2077 576 2151 ejus
606 2117 628 2145 ,
674 2095 809 2151 quoe
852 2073 1130 2151 loquetur
1167 2076 1235 2130 in
1279 2075 1522 2130 nomine
1566 2093 1724 2143 mec,
1766 2072 1988 2130 audire
2032 2074 2298 2132 noluerit
2331 2119 2347 2147 ,

225 2168 356 2247 qu
396 2170 559 2226 ultor
597 2173 869 2227 existam.
907 2169 1048 2241 Quae
1072 2166 1312 2249 quidem
1354 2166 1533 2228 verba
1572 2166 1644 2227 de
1680 2168 1886 2227 Messia
1907 2213 1922 2243 ,
1950 2190 2073 2226 non
2108 2169 2184 2228 de
2213 2191 2353 2251 pro-

226 2261 543 2343 phetarum
577 2265 972 2337 successione,
1012 2274 1077 2321 ut
1122 2263 1206 2321 ait
1242 2262 1523 2323 Salvador
1568 2275 1701 2346 post
1743 2262 2062 2338 Orobium,
2099 2286 2226 2324 esse
2266 2266 2356 2323 in-

227 2356 543 2438 telligenda
576 2405 591 2434 ,
637 2382 760 2418 non
803 2358 979 2417 modo
1036 2359 1247 2418 veteris
1297 2380 1606 2439 synagogae
1666 2357 1919 2416 Rabbini
1964 2358 2105 2439 (1),
2149 2359 2253 2420 sed
2295 2371 2354 2418 et

227 2453 502 2515 universa
540 2453 773 2536 judaica
827 2454 989 2513 natio
1033 2453 1373 2513 ostendunt.
1431 2455 1513 2511 Ex
1564 2453 1735 2531 hujus
1782 2454 1938 2514 enim
1983 2455 2353 2535 persuasione

225 2549 446 2608 factum
484 2561 616 2625 est,
672 2561 738 2609 ut
790 2553 995 2609 Petrus
1047 2560 1105 2609 et
1153 2549 1523 2631 Stephanus,
1574 2548 1674 2607 ille
1729 2549 1854 2608 Act.
1897 2550 2023 2620 111,
2074 2549 2190 2624 22,
2245 2550 2353 2610 iste

229 2665 356 2725 cap.
387 2646 488 2703 VII
516 2691 532 2717 ,
572 2646 646 2704 37
674 2691 689 2720 ,
734 2646 929 2725 palam
973 2666 1038 2704 ac
1060 2643 1291 2726 publice
1327 2665 1435 2724 pro
1474 2643 1749 2701 concione
1780 2642 1852 2702 de
1881 2644 2084 2703 Messia
2109 2642 2208 2703 illa
2241 2666 2351 2704 ex-

227 2740 574 2820 posuerint,
594 2739 769 2797 nullis
787 2737 1255 2820 repugnantibus
1281 2740 1315 2796 J
1322 2736 1525 2809 udaeis,
1558 2759 1700 2819 quos
1733 2737 2201 2819 alloquebantur.
2237 2741 2355 2800 Nec

227 2846 367 2894 vero
409 2833 552 2893 alius
575 2880 590 2909 ,
626 2846 870 2916 excepto
907 2834 1111 2893 Messia
1134 2879 1149 2908 ,
1201 2832 1489 2915 propheta
1530 2832 1780 2892 surrexit
1815 2845 1949 2915 post
1992 2836 2251 2915 Moysem
2293 2836 2354 2893 in

231 2928 443 3005 Israe'l,
483 2931 583 3011 qui
614 2931 736 2991 sive
773 2940 1064 3012 potestate
1088 2974 1103 3003 ,
1145 2929 1266 2989 sive
1291 2927 1689 3010 prophetandi
1728 2928 1784 2989 vi
1807 2975 1822 3003 ,
1852 2930 1974 2989 sive
2015 2932 2115 2988 Dei
2153 2930 2356 2989 famili-

227 3025 436 3085 aritate
485 3025 689 3085 similis
732 3026 917 3105 Moysi
957 3024 1070 3082 dici
1114 3026 1413 3105 potuerit,
1471 3033 1647 3105 prout
1693 3026 1862 3082 Deut.
1910 3026 2183 3099 XXXIV,
2242 3027 2314 3084 10
2334 3070 2355 3097 ,

228 3118 578 3180 adnotatum
598 3132 689 3180 est
707 3120 818 3201 (2)
850 3118 1019 3179 Unde
1046 3118 1356 3198 colligitur,
1385 3120 1644 3199 Moysem
1673 3117 1745 3178 de
1766 3120 1970 3179 Messia
1998 3119 2172 3179 fuisse
2195 3120 2356 3180 locu—

298 3366 366 3431 (l)
394 3366 491 3416 Cfr.
507 3367 674 3433 Raym.
695 3367 903 3429 Martini,
924 3367 978 3416 Ο.
1011 3367 1066 3417 Ρ.
1080 3368 1251 3431 ,Ρκῃίο
1403 3366 1465 3430 (2)
1485 3365 1581 3415 cfr.
1601 3366 1856 3427 Eusebius,
1887 3365 2141 3414 Demonst.
2162 3363 2214 3413 E
2216 3382 2357 3430 cauq.

223 3448 368 3512 fidei,
394 3466 502 3497 cum
526 3450 761 3498 observat.
783 3448 888 3499 J03.
912 3449 1000 3498 Du
1027 3447 1084 3495 V
1079 3449 1209 3497 visin
1228 3485 1241 3509 ,
1336 3447 1423 3498 lib.
1457 3466 1513 3496 111
1535 3486 1548 3510 ,
1579 3466 1676 3514 cap.
1709 3465 1767 3510 11,
1788 3448 1870 3496 ubi
1888 3449 2047 3496 multis
2067 3450 2359 3514 prosequitur

229 3532 344 3580 edit.
376 3531 641 3598 CarpzovH,
673 3551 773 3598 pag.
799 3529 885 3580 161
919 3542 964 3580 et
992 3528 1115 3596 474,
1144 3547 1252 3598 prae·
1336 3531 1690 3579 similitudinem
1717 3568 1730 3590 ,
1773 3547 1878 3596 quae
1927 3533 2045 3578 inter
2092 3529 2268 3579 Mosem
2315 3540 2359 3577 et

229 3615 385 3662 sertim
411 3632 518 3663 vero
547 3612 667 3673 886,
696 3613 722 3680 S
748 3631 781 3680 9
806 3625 849 3662 et
875 3632 1007 3682 seqq.
1038 3614 1137 3663 Hac
1163 3632 1250 3662 au·
1338 3612 1576 3661 Christum
1608 3614 1898 3672 intercessit,
1930 3630 1984 3660 ac
2011 3615 2236 3678 praecipue
2273 3629 2357 3677 po-

231 3705 322 3744 tem
352 3696 554 3746 editione
583 3698 749 3746 deince
764 3705 951 3762 psutar.
1341 3705 1549 3745 testatem
1579 3713 1633 3744 ac
1675 3714 1846 3746 munus
1888 3695 2159 3760 legislatoris
2192 3705 2235 3743 et
2284 3710 2355 3741 re-
