2534 4088
342 144 459 204 318

999 164 1067 199 ΤΒ
1077 163 1195 200 ACT.
1241 164 1310 200 DE
1354 165 1768 204 INCARNATIONE
1779 192 1790 202 .

338 311 583 370 Monent
609 302 956 362 christianos
987 301 1253 365 doctores
1274 350 1295 378 ,
1322 316 1390 366 ut
1423 307 1628 371 sedulo
1651 322 1898 371 caveant
1919 356 1935 385 a
1967 331 2044 371 ne
2073 313 2235 393 quasi
2273 324 2468 374 veter-

337 426 485 465 num
522 398 819 459 obducant
855 400 1220 462 conscientiae
1263 403 1704 486 improborum,
1749 408 2081 491 praesertim
2122 408 2299 469 morti
2339 431 2470 491 pro-

337 500 729 581 pinquorum,
770 500 1039 554 nimium
1057 501 1358 576 jactando
1398 505 1523 560 vim
1560 507 1884 582 Sanquinii?
1934 497 2161 564 Christi
2201 510 2469 584 expiato-

335 601 501 654 riam
516 636 540 666 ‚
569 614 685 675 quo
704 594 858 651 Deus
880 639 896 667 7
919 593 1169 653 Molochi
1196 596 1419 668 instar,
1451 597 1782 661 innocentis
1811 601 2153 679 sanguinem
2183 600 2432 662 sitientis
2452 646 2467 675 .,

335 690 598 774 placatus
640 689 882 748 sistatur
921 690 1035 770 (l).

419 785 560 845 620.
610 783 781 844 Unde
813 784 1255 867 deprehendere
1300 786 1433 847 licet
1471 788 1788 870 impietatis
1842 811 2216 871 progressus7
2265 793 2384 851 imo
2413 801 2472 851 et

333 882 703 945 eversionem
731 882 1004 964 principii
1031 881 1486 944 fundamentalis
1521 887 2007 946 protestantismi.
2040 887 2220 948 Primi
2244 889 2472 948 Protes-

337 990 528 1038 tantes
575 977 902 1037 docuerunt
931 1023 947 1052 v
989 977 1095 1036 soli
1141 979 1455 1061 Scripturas
1498 982 1560 1039 in
1603 981 1776 1041 rebus
1825 981 1959 1042 fidei
2010 982 2286 1042 standum
2322 1003 2466 1043 esse.

335 1075 809 1157 Scripturarum‚
850 1085 916 1132 ut
959 1074 1070 1156 ipsi
1101 1074 1522 1150 autumabant7
1570 1078 1909 1138 auctoritate
1935 1078 2104 1150 freti,
2149 1082 2477 1156 rejecerunt

336 1171 746 1230 necessitatem
773 1168 1071 1229 bonorum
1101 1192 1346 1252 operum
1368 1217 1384 1244 ,
1423 1173 1788 1253 poenitentiae
1819 1185 1877 1232 et
1915 1174 2319 1233 satisfactionis
2344 1218 2359 1247 ,
2398 1195 2475 1233 ne

334 1266 544 1345 injuria
595 1267 951 1345 irrogaretur
1013 1267 1281 1345 sanguini
1321 1266 1555 1326 Christi.
1605 1268 1896 1327 Sociniani
1944 1268 2135 1329 eidem
2188 1269 2475 1351 principio

335 1365 524 1425 innixi
548 1363 916 1439 intulerunt,
949 1385 1187 1424 omnem
1219 1364 1608 1444 abjiciendam
1634 1388 1756 1427 esse
1789 1368 2194 1428 satisfactionis
2239 1367 2474 1449 proprie

336 1460 506 1520 dictae
548 1459 878 1520 doctrinam
901 1505 916 1534 a
950 1479 1090 1542 quae
1126 1459 1189 1519 in
1227 1461 1538 1542 Scripturis
1576 1484 1698 1522 non
1737 1464 2029 1544 reperitur
2056 1511 2070 1538 5
2110 1485 2220 1523 nec
2263 1463 2373 1522 nisi
2404 1484 2476 1523 ex

334 1568 692 1638 praepostera
748 1560 1039 1634 majorum
1096 1567 1437 1615 nostrorum
1493 1558 1980 1638 interpretatione
2040 1559 2475 1640 Scripturarum

334 1652 497 1713 illam
527 1664 717 1712 ortam
758 1672 902 1711 esse.
949 1651 1342 1712 Rationalistae
1366 1652 1591 1712 meliori
1632 1652 1747 1711 fide
1776 1665 2009 1732 agentes
2038 1653 2330 1728 fatentur,
2371 1652 2474 1710 do-

335 1750 588 1809 ctrinam
622 1748 695 1809 de
735 1761 925 1808 morte
957 1748 1175 1808 Christi
1213 1753 1455 1810 vicaria
1481 1760 1540 1808 et
1574 1753 1917 1829 expiatoria
1947 1760 2147 1830 aperte
2184 1750 2247 1807 in
2283 1749 2475 1830 Scrip-

334 1845 480 1904 turis
515 1845 704 1918 tradi3
737 1856 828 1904 ast
863 1845 1233 1905 contendunt
1250 1885 1272 1917 -,
1304 1846 1503 1904 Sacros
1540 1846 1860 1926 Scriptores
1887 1856 2016 1904 tum
2043 1843 2316 1926 deceptos
2345 1855 2473 1902 tum

335 1941 674 2024 deceptores
707 1942 1002 2016 extitisse3
1051 1942 1300 2024 ideoque
1341 1964 1463 2000 non
1501 1942 1563 2000 in
1600 1941 1816 2000 Christi
1855 1953 2044 2000 morte
2075 1945 2312 2022 ejusque
2345 1961 2476 1998 san-

334 2040 523 2119 guinis
566 2041 757 2123 pretio
789 2062 899 2122 pro
929 2039 1099 2099 nobis
1143 2038 1340 2098 oblato
1385 2039 1730 2097 christianos
1774 2060 1936 2120 spem
1984 2060 2150 2096 suam
2188 2058 2475 2119 reponere

335 2133 550 2195 debere
571 2181 587 2210 a
629 2135 733 2195 sed
775 2136 943 2195 unice
977 2138 1042 2194 in
1072 2137 1242 2194 bonis
1269 2136 1552 2215 operibus
1588 2155 1690 2193 seu
1733 2134 1797 2192 in
1827 2145 1975 2193 recte
2011 2145 2070 2193 et
2110 2134 2338 2193 honeste
2365 2135 2475 2212 fa-

334 2340 592 2389 hominum
614 2340 841 2405 expiante
861 2340 1178 2406 opinionibus
1204 2356 1367 2405 aequa-

332 2423 456 2472 lium
483 2422 648 2485 (Heb.
677 2440 724 2471 lx
745 2460 758 2483 ,
793 2424 890 2486 22)
924 2421 1089 2470 inultis
1116 2423 1172 2471 de
1206 2424 1367 2472 causis
1405 2475 1407 2477 .

332 2505 740 2554 accommodatam
762 2505 938 2570 fuisse,
970 2514 1015 2553 et
1043 2505 1109 2554 ad
1123 2522 1362 2555 commen-

332 2589 553 2637 dandam
596 2606 734 2638 novae
781 2587 1035 2654 reliqionis
1084 2590 1361 2637 institutam

332 2671 416 2720 illo
447 2680 654 2738 tempore
690 2673 1034 2738 aptissimam3
1071 2671 1202 2720 unde
1235 2671 1361 2720 hano

333 2755 496 2820 ipsam
516 2754 749 2801 doctrinas
778 2754 1020 2818 formam,
1044 2754 1360 2820 providentia

332 2835 507 2884 divina
544 2836 789 2902 sapienter
831 2836 886 2883 id
920 2839 1225 2901 permittente
1248 2876 1261 2896 ‚
1300 2837 1361 2886 ab

333 2917 387 2966 E
389 2916 606 2983 vanqelii
630 2915 904 2966 doctoribus
931 2918 1199 2966 exhibitam
1230 2936 1357 2981 esse,

328 2999 476 3066 facile
506 2999 601 3049 tibi
620 3001 944 3067 persuaseris,
982 2999 1049 3047 Ex
1082 3001 1152 3048 his
1180 3002 1360 3067 colligi-

335 3102 440 3132 mus
459 3120 473 3141 ,
520 3092 568 3132 1⁰
598 3083 777 3148 Dogma
811 3083 1092 3131 catholicum
1131 3085 1278 3148 reipsa
1309 3087 1360 3131 in

335 3164 493 3214 Sacris
527 3165 772 3232 Scripturis
809 3168 1070 3231 contineri3
1105 3184 1159 3215 ac
1190 3166 1359 3215 frustra

336 3258 574 3315 propterea
605 3248 877 3299 Socinianos
907 3249 1163 3300 elaborasse
1186 3287 1200 3311 ‚
1244 3249 1359 3298 dum

334 3334 593 3381 innumeris
619 3348 762 3399 prope
795 3332 1169 3383 cavillationibus
1199 3332 1249 3380 id
1281 3335 1355 3380 in-

334 3416 480 3464 ficiari
505 3416 657 3465 conati
685 3425 825 3479 sunt;
855 3418 1137 3465 conscientia
1160 3413 1358 3465 demum

333 3501 446 3548 vicit
480 3516 497 3564 3
552 3506 605 3546 2⁰
651 3500 782 3565 juxta
843 3499 1148 3548 rationalistas
1198 3497 1360 3547 Sacros

334 3580 590 3650 Scriptores
636 3584 688 3630 in
731 3581 822 3630 hoc
869 3582 1080 3646 dogmate
1136 3581 1360 3630 tradendo

334 3667 529 3731 turpiter
564 3682 765 3727 errasse,
805 3661 857 3712 id
883 3666 1129 3730 sapienter
1151 3666 1361 3731 permit-

1450 2347 1573 2387 tente
1586 2338 1899 2406 providentia
1924 2339 2125 2398 divium
2141 2338 2349 2404 adeoque
2374 2340 2474 2387 uni·

1451 2439 1629 2470 versam
1667 2421 1923 2470 Ecclesiam
1959 2439 2106 2488 usque
2142 2421 2202 2469 ad
2236 2423 2357 2486 ipsos
2390 2420 2472 2468 de-

1449 2515 1632 2571 ceptam
1664 2505 1803 2553 fuisse
1837 2514 1880 2551 et
1910 2506 1960 2552 in
1993 2521 2196 2574 errorem
2230 2502 2470 2552 inductam

1448 2606 1475 2636 a
1500 2586 1652 2636 Sacris
1680 2586 1993 2652 Scriptoribus
2009 2589 2138 2654 juxta
2166 2585 2333 2634 divinae
2361 2602 2469 2651 pro-

1447 2671 1660 2718 videntiae
1689 2669 1922 2717 ordinem.
1957 2669 2009 2716 3⁰
2027 2668 2300 2734 Colligimus
2320 2705 2333 2727 ‚
2369 2667 2470 2717 nul·

1446 2753 1540 2801 lam
1567 2763 1805 2818 propterea
1832 2751 1971 2800 fidem
1990 2750 2139 2800 Sacris
2157 2749 2468 2816 Scriptoribus

1446 2834 1759 2883 adhibendam
1785 2851 1879 2883 esse
1899 2871 1911 2893 ‚
1936 2833 2050 2882 dum
2073 2836 2123 2881 in
2143 2849 2191 2881 re
2211 2834 2326 2882 adeo
2344 2835 2469 2896 gravi

1446 2929 1490 2967 et
1517 2918 1694 2982 decepti
1719 2927 1829 2964 sunt
1850 2927 1894 2965 et
1927 2916 2161 2964 mundum
2197 2917 2467 2964 universum

1446 3001 1757 3065 deceperunt3
1783 3008 1857 3059 et,
1887 2999 2012 3065 quod
2040 3014 2327 3063 consequens
2361 3006 2430 3045 est
2449 3033 2462 3056 ‚

1444 3082 1605 3131 Sacras
1633 3079 1887 3147 Scripturas
1931 3081 2090 3128 noxias
2135 3080 2286 3143 potius
2326 3096 2467 3144 quam

1445 3165 1579 3214 utiles
1622 3182 1739 3214 esse.
1781 3163 1886 3211 Huc
1928 3162 2253 3222 devenerunt,
2299 3163 2381 3228 qui
2420 3178 2469 3209 se

1444 3249 1597 3298 adhuc
1624 3247 1898 3297 christianos
1925 3245 2198 3310 profitentur
2219 3282 2232 3305 ‚
2264 3262 2317 3293 ex
2339 3246 2469 3310 prin-

1444 3333 1565 3397 cipio
1610 3329 1754 3379 semel
1799 3330 2047 3377 constituto
2094 3329 2466 3395 independentiae

1443 3415 1634 3463 rationis
1670 3411 1730 3461 ab
1761 3414 2031 3461 auctoritate
2061 3413 2113 3461 in
2139 3413 2321 3478 negotio
2353 3410 2471 3460 reli-

1443 3498 1592 3563 gionis
1611 3532 1625 3557 ‚
1659 3495 1785 3562 quod
1812 3495 1963 3544 basim
1998 3504 2043 3544 et
2077 3496 2321 3546 essentiam
2352 3509 2465 3543 con-

1444 3582 1592 3629 stituit
1616 3577 2003 3630 Protestantismi.

1511 3661 1578 3724 (1)
1614 3661 1735 3711 naid.
1772 3659 1909 3728 gest.
1948 3658 2061 3726 142.
