2534 4088
2112 235 2183 297 41

342 265 500 302 PART.
548 264 589 299 1.
637 263 759 299 CAP.
807 262 867 298 11.
916 262 981 297 DE
1023 261 1173 298 EPOC.
1218 261 1284 297 ET
1315 259 1488 297 OFFIG.
1519 258 1682 295 PROM.
1715 255 1941 293 MESSIAE.

187 404 285 465 76.
333 405 422 465 Ad
441 406 544 476 2¹¹¹,
569 402 719 483 Ne9.
752 400 930 463 verba
972 399 1169 460 Jacobi
1211 399 1516 459 admittere
1552 418 1718 480 posse
1754 397 2189 478 interpretatio-

106 522 243 560 nem
270 502 334 559 R.
372 498 633 580 Lipmani
661 542 677 571 ‚
719 495 957 571 Telleri,
996 495 1223 555 Zirkelii
1254 541 1269 570 .‚
1311 495 1482 554 Justii
1526 493 1874 566 aliorumve3
1921 512 2053 551 cum
2083 494 2190 551 Ja-

109 593 213 654 cob
238 640 255 670 .,
283 604 348 652 ut
375 592 619 652 exserie
662 591 933 649 orationis
971 601 1133 672 patet
1159 635 1175 664 ,
1203 610 1323 648 non
1374 586 1447 646 de
1476 585 1656 661 urbe,
1699 586 1801 646 sed
1840 585 1912 645 de
1943 607 2188 667 persona

107 711 205 749 seu
231 686 529 762 individuo
559 685 828 767 loquatur
847 731 863 759 .,
900 696 958 744 et
987 687 1039 744 ei
1060 683 1306 756 tribuat,
1331 702 1458 762 quae
1487 679 1561 738 ad
1594 679 1800 739 urbem
1826 681 2025 746 referri
2052 680 2189 739 nul-

105 782 330 843 latenus
366 792 628 863 possunt.
658 779 864 839 Obstat
896 791 1180 861 praeterea*
1202 822 1219 851 ‚
1257 775 1415 857 quod
1452 796 1681 856 semper
1717 798 1837 860 prae
1877 775 2050 835 oculis
2081 776 2190 835 ha·

105 876 364 951 bendum
401 887 485 936 est
506 921 522 950 ,
548 896 746 934 sensus
773 872 1155 944 traditionalis
1182 871 1436 951 antiquae
1464 891 1762 949 synagogae
1791 914 1807 942 7
1842 892 1969 951 quae
1998 875 2190 951 friyi-

107 974 247 1031 dam
277 971 436 1029 illam
470 969 1004 1051 interpretationem
1025 1010 1042 1041 ,
1083 976 1148 1023 ut
1176 985 1304 1024 eam
1332 964 1540 1023 merito
1569 974 1733 1024 vocat
1757 965 2187 1041 Rosenmiiller,

108 1088 410 1147 nunquam
442 1064 691 1143 agnovit.
727 1060 1002 1130 Violentae
1032 1058 1314 1137 ejusmodi
1342 1058 1849 1140 interpretationes
1874 1103 1890 1131 .,
1910 1079 2066 1139 *quas
2094 1082 2190 1117 ar-

109 1161 394 1241 gumentis
418 1156 832 1238 grammaticiS‚
867 1155 1151 1213 historicis
1187 1153 1606 1233 et-dogmaticis
1650 1173 1957 1233 perperam
1991 1151 2191 1212 obtru-

111 1254 259 1313 dunt
280 1264 347 1312 ut
371 1251 688 1334 plurimum
715 1260 959 1329 exegetae
984 1259 1396 1330 protestantes,
1427 1246 1766 1320 ostendunt,
1792 1246 1930 1306 aleae
1953 1246 2191 1328 plenam

108 1370 232 1408 rem
265 1367 385 1406 esse
417 1343 706 1404 discedere
754 1343 904 1405 velle
945 1366 976 1402 a
1011 1365 1188 1403 sensu
1231 1341 1584 1401 traditionali
1634 1342 2029 1423 antiquitatiS,
2091 1344 2191 1424 qui

107 1443 333 1499 firmam
377 1438 541 1498 basin
586 1460 737 1499 verae
776 1459 840 1497 ac
895 1459 1185 1518 germanae
1244 1458 1542 1516 exegeseos
1586 1437 1933 1496 constituere
1976 1435 2188 1511 debet3

107 1533 356 1615 alioquin
385 1534 624 1615 quisque
662 1555 768 1615 pro
808 1531 993 1591 lubito
1035 1553 1099 1591 ac
1134 1532 1366 1613 ingenio
1411 1542 1604 1613 posset
1642 1553 1794 1591 nova
1832 1532 2188 1611 excogitare,

107 1649 284 1710 eaque
330 1629 580 1709 arripere
613 1649 677 1686 ac
721 1626 997 1708 probareu
1036 1648 1156 1685 non
1204 1648 1330 1708 quae
1388 1625 1566 1684 solida
1621 1646 1684 1684 ac
1727 1647 1862 1687 vera
1890 1627 2008 1684 sint
2029 1671 2045 1700 ,
2089 1626 2191 1712 sed

107 1743 233 1803 quae
257 1744 407 1783 nova
434 1743 497 1780 ac
525 1723 816 1801 ingeniosa
840 1722 1017 1802 magis
1043 1767 1059 1795 ,
1085 1722 1194 1780 etsi
1226 1743 1257 1780 a
1283 1721 1526 1781 veritate
1550 1743 1787 1802 prorsus
1814 1721 2187 1781 abhorreant.

106 1816 267 1876 Adde
305 1816 542 1876 demum
579 1815 748 1896 longe
781 1838 918 1879 vero
957 1815 1196 1892 similius
1229 1814 1435 1875 urbem
1475 1815 1663 1875 Sciloh
1701 1814 2191 1897 Jacobitempore

105 1911 367 1971 nondum
395 1911 647 1971 extitisse
680 1912 792 1991 (1).
1675 1899 1677 1901 ’
2040 1898 2042 1902 ’

184 2007 284 2066 77.
331 2005 461 2086 Obj.
511 2005 778 2066 secunda.
826 2008 972 2065 Dato
1013 2005 1189 2066 etiam
1244 2004 1399 2087 quod
1436 2004 1613 2065 Jacob
1674 2005 1946 2087 loquutus
1989 2007 2065 2065 sit
2118 2004 2191 2063 de

102 2101 303 2159 Messia
329 2146 346 2175 ,
373 2100 520 2159 nihil
563 2112 759 2160 tamen
782 2099 917 2160 inde
944 2099 1187 2159 extundi
1210 2110 1400 2181 potest
1421 2121 1529 2182 pro
1552 2121 1615 2159 re
1638 2099 1945 2159 christiana
1966 2145 1982 2175 ,
2008 2121 2192 2181 quum

104 2193 278 2253 Jacob
299 2194 521 2254 nullam
549 2195 828 2278 epocham
848 2194 1153 2278 specialem
1176 2195 1352 2276 ipsius
1374 2194 1659 2255 adventus
1690 2193 2185 2257 determinaverit.

173 2463 237 2528 (1)
274 2463 455 2512 Etenim
494 2467 544 2512 in
584 2465 896 2513 Pentateucho
932 2463 1105 2512 nullibi

104 2547 330 2608 occurrit3
363 2548 511 2611 primo
538 2547 701 2610 legitur
726 2545 823 2594 Jos.
854 2562 971 2593 xvur
989 2581 1003 2604 ‚
1043 2561 1061 2591 ι
1088 2581 1101 2604 ,

105 2626 186 2674 uhi
223 2625 362 2675 Josue
395 2627 618 2691 populum
656 2645 682 2674 a
720 2629 874 2674 castris
912 2625 1106 2689 Galgalae

1184 2482 1289 2528 pore
1304 2465 1466 2528 Jacobi
1483 2502 1496 2525 ‚
1515 2475 1720 2525 attamen
1745 2467 1917 2513 mentio
1944 2464 2034 2513 loci
2050 2466 2189 2530 hujus

1180 2547 1325 2609 ignoti
1361 2545 1473 2592 adeo
1508 2546 1764 2605 subitanea,
1797 2548 1987 2593 omnino
2012 2546 2192 2594 videtur

1181 2628 1349 2675 aliena.
1390 2626 1577 2676 Accedit
1614 2632 1748 2676 etiam
1787 2628 1904 2675 illud
1928 2664 1941 2687 ‚
1978 2628 2104 2693 quod
2138 2631 2190 2676 in

105 2707 314 2756 conducit
341 2711 391 2755 in
413 2706 570 2755 Sciloh
588 2745 600 2767 ‚
623 2718 668 2756 et
687 2710 814 2773 erigit
834 2707 1104 2758 tabernacu-

104 2789 223 2837 lum.
250 2788 562 2837 Verisimiliter
589 2789 665 2837 hic
692 2790 817 2838 locus
849 2806 946 2836 non
976 2798 1068 2836 erat
1088 2824 1102 2848 ‚

105 2871 293 2935 perinde
323 2889 377 2920 ac
408 2872 587 2938 Galgala
606 2909 620 2935 ,
653 2875 741 2921 nisi
775 2873 901 2920 locus
937 2883 1105 2921 castro-

107 2970 210 3000 rum
229 2990 242 3012 ,
264 2955 342 3018 qui
363 2972 574 3018 processu
599 2956 811 3019 temporis
831 2955 1106 3002 coalescente

108 3034 403 3083 multitudine
420 3036 683 3095 hominum,
702 3038 753 3083 in
774 3036 994 3101 oppidum
1013 3038 1106 3084 sive

58 3134 70 3144 ·
104 3115 264 3164 urbem
302 3119 522 3166 excrevit.
563 3117 662 3166 Hoc
693 3120 791 3183 jam
823 3117 995 3166 indicat
1020 3134 1105 3165 no-

106 3212 213 3244 men
237 3198 370 3261 quies
384 3218 402 3255 ;
426 3209 663 3264 postquam
687 3199 824 3247 relata
851 3209 919 3247 est
947 3198 1105 3264 populi

107 3275 307 3325 collectio
330 3280 379 3327 in
407 3278 561 3327 Sciloh
583 3317 597 3338 ,
632 3296 842 3344 expresse
874 3280 1058 3328 additur
1089 3297 1103 3327 :

106 3352 170 3401 Et
185 3356 282 3418 fuit
294 3361 362 3407 eis
391 3368 516 3407 terra
533 3359 740 3426 subjecta
759 3378 773 3423 3
793 3371 856 3421 et,
873 3379 973 3425 cap.
995 3378 1068 3409 xxi
1088 3398 1102 3421 ,

106 3431 191 3495 42,
226 3438 331 3486 coll.
363 3456 490 3498 1111,
519 3439 580 3504 4,
615 3442 782 3490 dicitur
801 3479 814 3502 ,
850 3441 1105 3490 Dominum

105 3515 280 3565 dedisse
302 3535 458 3582 pacem
484 3532 527 3569 et
543 3525 745 3587 quietem
764 3541 788 3571 a
806 3525 965 3572 vicinis
981 3543 996 3587 ;
1015 3524 1101 3572 cfr.

104 3595 329 3646 Bachiene
347 3634 361 3657 ‚
388 3595 647 3650 Palaestina
675 3621 742 3664 11,
773 3603 802 3651 3
821 3642 834 3664 ,
860 3622 965 3669 pag.
987 3603 1102 3671 409.

102 3676 295 3743 Insuper
310 3716 322 3739 ,
342 3679 444 3728 data
469 3684 604 3731 etiam
625 3688 723 3751 ejus
739 3688 972 3734 existentia
993 3696 1102 3735 tem·

1182 2706 1261 2755 tali
1299 2710 1580 2773 expositione
1614 2718 1708 2756 tota
1745 2708 1890 2758 Jacob
1927 2708 2186 2757 benedictio

1181 2792 1450 2838 constitisset
1476 2793 1527 2838 in
1556 2807 1609 2839 eo
1628 2827 1641 2850 ‚
1674 2791 1799 2856 quod
1831 2789 1972 2839 Judas
2006 2790 2188 2839 futurus

1181 2881 1295 2919 esset
1316 2874 1366 2919 in
1389 2874 1535 2936 capite
1558 2871 1721 2920 turbae.
1749 2871 1853 2919 Jam
1880 2888 1986 2920 vero
2016 2872 2073 2919 ad
2100 2872 2189 2920 du-

1179 2962 1332 3001 catum
1349 2956 1529 3018 proprie
1543 2953 1718 3001 dictum
1732 2952 1879 3000 Moses
1894 2970 1947 3001 ex
1962 2952 2047 3000 alia
2067 2953 2188 3001 tribu

1180 3051 1207 3081 a
1235 3033 1331 3082 Deo
1349 3035 1611 3082 solemniter
1629 3044 1814 3082 vocatus
1834 3043 1918 3081 cst.
1940 3032 2035 3081 Nec
2047 3033 2076 3080 J
2079 3050 2188 3081 osne

1176 3132 1237 3163 >ex
1266 3116 1389 3164 tribu
1415 3115 1443 3163 J
1449 3116 1545 3163 udae
1572 3125 1678 3163 erat.
1710 3114 1917 3162 Profecto
1946 3117 2187 3179 promissio

1179 3198 1297 3245 facta
1323 3196 1464 3244 tribui
1488 3196 1620 3244 Judae
1651 3213 1730 3260 per
1754 3196 1899 3244 solam
1930 3195 2187 3259 praeceden-

1180 3281 1288 3326 tiam
1307 3281 1357 3326 in
1377 3280 1542 3326 itinere
1557 3294 1652 3326 non
1674 3278 1930 3343 completur
1943 3315 1955 3337 ‚
1975 3295 2061 3327 nec
2078 3294 2186 3325 cum

1180 3377 1233 3409 eo
1265 3360 1380 3426 quid
1408 3377 1653 3408 commune
1678 3359 1830 3408 habet.
1850 3359 1910 3409 Ut
1926 3352 2185 3425 praeteream

1178 3443 1228 3488 in
1255 3438 1335 3489 tali
1367 3443 1647 3506 expositione
1684 3443 1734 3489 in
1775 3440 1939 3489 ultimo
1975 3439 2183 3488 membro

1178 3525 1369 3586 gratuito
1399 3522 1600 3587 suppleri
1629 3520 1896 3571 adverbium
1926 3522 2015 3570 loci
2040 3519 2144 3568 illic
2165 3557 2178 3580 ‚

1178 3602 1251 3651 ibi
1265 3638 1282 3664 ,
1328 3614 1415 3652 etc.
1462 3603 1559 3653 cfr.
1603 3603 1965 3669 Hengstenberg.
2007 3619 2085 3666 op.
2132 3610 2178 3650 et

1177 3685 1268 3733 loc.
1301 3687 1378 3732 cit.
1919 3694 1922 3697 ·
