2534 4088
241 202 359 263 396

850 220 1052 260 Taacr.
1101 221 1171 259 ΒΕ
1213 222 1395 262 CULTU
1439 220 1795 265 SANGTORUm.

237 356 400 439 piam
423 354 707 414 evincunt
729 351 1073 414 earumdem
1097 348 1424 435 imaginum
1447 356 1907 418 venerationem.
1939 357 2148 419 Arcam
2175 360 2334 421 enim
2352 406 2369 438 7

240 472 371 535 quae
408 449 515 509 Dei
549 448 878 531 praesentiae
915 447 1251 530 symbolum
1286 472 1409 531 prae
1442 472 1504 511 se
1544 451 1767 513 ferebat
1787 499 1804 530 7
1841 455 2096 516 maxima
2135 477 2374 518 venera-

239 550 401 607 tione
435 556 773 627 prosecutos
806 565 929 605 esse
965 556 1191 606 veteres
1227 545 1505 607 Hebraeos
1525 592 1540 622 7
1572 548 1729 608 inter
1754 561 1942 610 cetera
1969 553 2145 612 Josue
2173 573 2376 613 exem-

238 642 408 725 plum
450 641 711 701 ostendit
734 685 751 718 7
790 642 925 723 qui7
964 651 1031 700 ut
1067 641 1282 725 legitur
1315 645 1438 703 Jos.
1480 645 1583 704 VII
1605 690 1621 720 7
1668 645 1704 703 6
1744 669 1757 703 ε
1807 647 2001 707 Scidit
2030 654 2378 709 vestimenta

240 741 356 798 sud
367 782 391 810 ,
419 748 475 796 et
505 758 739 816 pronus
766 738 982 796 cecidit
1013 742 1082 797 in
1118 749 1347 798 terram
1380 760 1584 799 coram
1613 762 1762 801 arca
1798 743 2059 802 Domini
2085 767 2270 824 usque
2297 746 2386 805 ad

240 855 590 915 vesperam,
629 844 757 893 tam
778 838 905 913 ipse
942 856 1129 914 quam
1163 857 1363 895 omnes
1390 857 1552 896 senes
1592 838 1812 897 Israe'l.
1852 839 2063 918 Magno
2102 852 2380 921 praeterea

244 940 533 1012 apparatu
569 950 634 988 ac
675 928 940 1009 religiosa
979 951 1195 1012 pompa
1231 931 1504 991 eamdem
1531 953 1725 992 arcam
1750 955 1781 992 a
1806 933 2031 995 Davide
2054 932 2288 1015 publica
2317 956 2382 997 ac

243 1025 498 1086 solemni
525 1023 952 1107 supplicatione
975 1025 1358 1100 translatam,
1396 1029 1658 1109 primum
1699 1050 1732 1089 e
1765 1027 1941 1089 domo
1971 1028 2278 1090 Abinadab
2319 1052 2385 1091 ac

245 1123 524 1203 deinceps
550 1120 624 1180 dc
651 1121 830 1180 domo
868 1119 1215 1181 Obededom
1246 1122 1308 1181 in
1337 1124 1635 1184 civitatem
1675 1125 1867 1184 David
1891 1123 2132 1186 exhibet
2156 1125 2306 1187 liber
2332 1127 2385 1186 II

244 1221 384 1299 Reg.
424 1239 551 1300 cap.
593 1218 687 1276 VI.
731 1217 1006 1291 Quinimo
1042 1239 1114 1278 ex
1151 1219 1243 1277 Ps.
1286 1219 1517 1278 XCVIII
1540 1265 1556 1295 7
1592 1220 1628 1277 5
1650 1266 1664 1295 7
1693 1232 1858 1302 patet
1880 1267 1897 1298 7
1944 1220 2170 1282 cultum
2205 1222 2387 1281 istum

169 1372 177 1382 ,
247 1335 382 1394 erga
428 1335 622 1372 arcam
663 1313 903 1371 Domini
945 1334 1015 1372 ex
1057 1313 1164 1372 Dei
1211 1313 1393 1395 ipsius
1437 1314 1716 1375 mandato
1765 1316 2202 1398 quodammodo
2245 1339 2389 1400 pro-

246 1411 485 1471 fluxisse
504 1456 520 1485 7
548 1409 617 1468 iis
644 1407 840 1471 verbis
874 1430 887 1466 :
917 1410 1204 1470 Eoealtate
1228 1409 1568 1469 Dominum
1592 1412 1795 1471 Deum
1824 1423 2099 1471 nostrum
2120 1458 2135 1488 7
2161 1423 2218 1472 et
2243 1414 2391 1472 ado-

247 1518 378 1568 rate
412 1507 738 1565 scabellum
764 1506 998 1585 pedum
1025 1509 1155 1585 ejus
1175 1551 1190 1580 7
1227 1510 1521 1585 quoniam
1556 1518 1835 1566 sanctum
1871 1519 1970 1567 est.
2010 1510 2270 1568 Scahelli
2290 1531 2391 1568 au-

249 1615 373 1663 tem
398 1602 639 1662 nomine
664 1623 861 1661 arcam
889 1601 1200 1682 significari
1220 1647 1235 1677 7
1267 1612 1494 1661 constat
1515 1624 1585 1662 ex
1617 1603 1640 1661 I
1663 1602 1849 1662 Paral.
1875 1605 2110 1663 XXVIII
2134 1649 2151 1678 7
2180 1605 2222 1662 2
2240 1650 2256 1680 7
2288 1603 2392 1664 ubi

249 1698 442 1760 David
478 1698 553 1759 de
593 1698 782 1780 seipso
821 1695 1051 1757 dicebat
1088 1720 1101 1756 :
1152 1701 1452 1779 Coyitavz'7
1491 1709 1565 1757 uc
1600 1699 1963 1779 aedificarem
2002 1701 2284 1774 domum,
2321 1705 2394 1759 in

251 1819 378 1876 qua
409 1799 799 1874 requiesceret
820 1816 970 1855 arca
995 1795 1243 1873 foederis
1277 1796 1537 1854 Domini
1554 1840 1570 1870 7
1601 1806 1656 1853 et
1681 1796 2010 1856 scabellum
2032 1797 2257 1876 pedum
2279 1797 2398 1856 Dei

252 1897 467 1951 nostri.
510 1889 616 1950 Vel
662 1891 860 1972 itaque
904 1888 1220 1950 dicendum
1247 1936 1262 1966 7
1307 1888 1535 1950 licitum
1578 1911 1643 1950 ac
1691 1891 1893 1973 pium7
1937 1890 2185 1973 ideoque
2235 1890 2397 1949 omni

253 2009 493 2070 prorsus
516 1985 845 2046 idololatria
864 2007 930 2045 ac
958 1986 1372 2068 superstitione
1388 1987 1719 2047 immunem
1744 2008 1868 2046 esse
1885 1987 2210 2067 imaginum
2226 2007 2399 2046 usum

257 2107 323 2144 ac
347 2085 794 2145 venerationem
823 2131 839 2160 7
883 2082 981 2144 vel
1008 2082 1401 2142 idololatriam
1442 2103 1508 2142 ac
1542 2083 2020 2165 superstitionem
2054 2104 2086 2142 a
2123 2084 2245 2143 Deo
2273 2083 2399 2166 ipso

255 2182 664 2263 praescriptam
711 2190 771 2239 et
812 2177 1288 2238 commendatam
1330 2178 1539 2253 fuisse3
1596 2177 1756 2261 quod
1799 2179 1847 2237 si
1883 2190 2249 2261 postremum
2290 2178 2402 2239 hoc

257 2275 582 2336 absurdum
622 2296 688 2334 ac
720 2274 970 2357 impium
1005 2275 1259 2355 cogitatu
1290 2285 1378 2335 est
1400 2320 1415 2350 7
1447 2275 1743 2334 immerito
1770 2296 1836 2334 ac
1861 2296 1969 2357 per
1995 2296 2288 2335 summam
2320 2296 2410 2335 ca-

257 2373 551 2434 lumniam
588 2370 957 2432 Iconomachi
996 2374 1395 2432 Protestantes
1442 2371 1658 2453 ineptis
1698 2370 2218 2432 obtrectationibus
2260 2393 2410 2454 quo-

258 2470 405 2530 tidie
457 2469 766 2530 Catholicis
809 2467 1101 2527 insultant
1128 2514 1144 2543 7
1196 2488 1411 2550 eosque
1463 2466 1781 2527 traducunt
1831 2479 2114 2549 tanquam
2161 2465 2410 2527 totidem

259 2566 601 2628 idololatras
630 2586 695 2625 ac
723 2564 1155 2647 superstitiosos
1179 2609 1192 2639 7
1217 2585 1285 2623 eo
1314 2562 1472 2645 quod
1497 2562 1848 2646 imaginibus
1875 2563 2114 2638 Christi7
2144 2562 2406 2645 Deiparae

263 2675 710 2744 ceterorumque
747 2662 1094 2720 Sanctorum
1131 2660 1422 2720 honorem
1459 2658 1628 2719 illum
1664 2660 1939 2719 deferunt
1966 2705 1981 2734 7
2037 2680 2215 2741 quem
2253 2660 2407 2718 Deus

263 2761 390 2841 ipse
432 2758 628 2841 quoad
666 2779 860 2817 arcam
899 2767 957 2817 et
996 2756 1470 2839 propitiatorium
1501 2766 1562 2815 et
1602 2753 1797 2818 verbis
1834 2766 1894 2815 et
1926 2753 2089 2813 factis
2128 2754 2191 2812 in
2222 2753 2407 2813 Sacris

263 2855 499 2916 Litteris
529 2852 967 2914 commendavit
991 2851 1102 2934 (l).
1136 2851 1378 2912 Constat
1401 2851 1578 2932 igitur
1606 2872 1676 2911 ex
1704 2850 1871 2910 dictis
1891 2897 1906 2926 7
1937 2870 2234 2910 sacrarum
2265 2849 2406 2907 ima-

269 2951 473 3031 ginum
495 2971 669 3008 usum
692 2960 752 3008 et
776 2949 1220 3008 venerationem
1244 2947 1466 3007 licitam
1499 2968 1563 3007 ac
1592 2948 1751 3029 piam
1776 2948 1974 3006 Sacras
2000 2945 2243 3004 Litteras
2269 2963 2405 3024 per-

267 3045 507 3122 hibere3
544 3045 703 3129 quod
730 3044 993 3128 primum
1026 3043 1195 3103 nobis
1228 3042 1535 3104 ostendere
1564 3043 1934 3126 propositum
1965 3051 2108 3101 erat.

341 3237 406 3302 (1)
443 3237 712 3287 Dolendum
742 3238 881 3303 plane
918 3247 985 3285 est
1007 3274 1020 3297 7
1053 3245 1179 3285 aetate
1206 3235 1295 3284 hac

272 3331 456 3385 nostra,
496 3322 548 3368 in
579 3330 701 3368 tanta
744 3337 912 3385 nempe
948 3319 1182 3367 bonarum
1219 3336 1293 3366 ar-

1392 3252 1499 3284 mus
1528 3252 1555 3282 a
1583 3234 1808 3284 ministris
1836 3232 2171 3299 genevensibus
2196 3234 2245 3280 in
2273 3248 2407 3296 opere

1391 3335 1478 3366 suo
1499 3354 1512 3377 7
1561 3316 1856 3365 Caico-hieme
1894 3333 1980 3364 sur
2017 3314 2081 3364 les
2106 3312 2407 3381 principales

274 3407 393 3452 tium
414 3442 428 3465 7
465 3405 762 3452 scientiarum
806 3420 860 3451 ac
891 3404 1153 3466 omnigenae
1184 3419 1291 3449 eru·

275 3487 463 3537 ditionis
493 3490 626 3554 copia
645 3525 657 3549 7
688 3506 831 3555 quam
856 3486 1085 3536 extollunt
1103 3502 1297 3552 praeser·

275 3571 360 3619 tim
397 3571 707 3620 protestantes
726 3604 742 3630 7
764 3571 966 3618 inveniri
990 3569 1146 3618 adhuc
1165 3607 1178 3629 7
1210 3570 1294 3635 qui

277 3652 503 3703 obsoletas
526 3648 703 3703 naenias
729 3652 947 3702 refricant
963 3651 1021 3700 de
1037 3651 1295 3700 idololatria

276 3736 327 3783 in
356 3736 482 3785 cultu
508 3736 735 3786 catholico
755 3773 768 3798 7
799 3745 936 3801 prout
967 3734 1143 3784 factum
1172 3732 1292 3782 vidi-

1391 3407 1707 3448 controverses
1764 3415 1854 3463 que
1913 3414 2034 3446 nous
2087 3413 2236 3445 avons
2294 3411 2407 3443 aveo

1392 3464 1600 3545 I'quise
1629 3480 1864 3529 Romaine
1880 3515 1895 3543 ,
1943 3478 2090 3528 1821.
2121 3478 2270 3527 Multo
2301 3494 2406 3526 vero
2442 3482 2446 3486 ’

1393 3566 1539 3630 magis
1563 3566 1733 3612 mirum
1768 3581 1863 3613 esse
1895 3563 2032 3613 debet
2053 3599 2068 3622 7
2094 3563 2193 3610 haec
2220 3560 2406 3611 obtrudi

1394 3648 1453 3698 ab
1486 3646 1757 3696 hominibus
1777 3684 1789 3708 7
1827 3648 1908 3713 qui
1941 3647 2157 3712 rejiciunt
2189 3644 2406 3710 mysteria

1397 3735 1551 3780 omnia
1582 3730 1849 3790 Trinitatis,
1884 3728 2217 3777 Incarnationis
2237 3763 2250 3787 7
2286 3725 2407 3773 divi-
