2534 4088
334 138 456 198 302
1008 164 1205 200 macr.
1254 166 1322 201 nn
1367 167 1811 207 ῙΝΟΑΒΝΑΤΙΟΝΕ.

329 305 513 388 pellat
539 324 647 386 pro
664 301 857 361 nobis
893 304 961 361 20
987 304 1123 364 Ideo
1150 326 1291 367 vero
1314 312 1623 371 constituit
1645 314 1956 394 Apostolus
1991 314 2293 378 Christum
2317 341 2472 379 non—

329 401 443 463 nisi
489 397 672 457 semel
718 395 999 458 obtulisse
1043 403 1466 485 semetipsum7
1523 408 1660 488 quia
1698 408 1956 491 alioquin
1999 411 2122 492 ipse
2177 411 2472 475 debuisset

326 497 667 577 frequenter
699 495 844 576 pati.
882 497 1025 576 Ergo
1057 496 1319 579 loquitur
1354 499 1428 559 de
1466 499 1793 578 oblatione7
1837 528 1966 612 quae
2002 528 2108 587 per
2138 509 2469 587 passionem

327 592 478 650 facta
499 601 623 664 est·
654 611 831 672 porro
865 613 989 650 non
1017 593 1078 650 in
1112 593 1517 665 coelo7sed1n
1542 598 1746 670 terris
1785 621 1850 659 ac
1875 602 1937 658 in
1976 624 2143 661 ciuce
2182 605 2471 686 praecipue

327 708 532 770 passus
559 697 649 746 est
675 685 963 746 Christus
990 687 1054 746 30
1083 690 1244 748 Tunc
1265 690 1529 751 Christus
1555 714 1626 752 ex
1658 694 1930 775 Apostolo
1955 698 2336 780 semetipsum
2362 699 2469 758 ob-

325 782 465 843 tulit
493 782 570 843 ad
603 794 908 891 peccatum
938 782 1307 860 tollendum7
1341 808 1476 846 cum
1506 791 1780 870 apparuit
1817 800 1876 848 et
1915 792 2258 852 manifestus
2285 794 2469 854 factus

325 891 435 940 est.
471 881 546 941 At
564 926 580 956 7
606 901 741 940 cum
767 879 832 939 in
858 879 1078 940 coelum
1107 893 1195 940 est
1220 883 1514 962 ingressus
1536 930 1552 959 7
1584 907 1708 943 non
1729 883 1920 943 solum
1947 885 2118 945 nobis
2137 908 2258 947 non
2282 911 2469 972 appa—

322 977 442 1035 ruit
461 1023 477 1052 7
517 977 622 1036 sed
654 978 848 1059 potius
887 975 1151 1035 sublatus
1182 988 1270 1037 est
1297 977 1370 1036 ab
1411 979 1590 1038 oculis
1629 980 1842 1038 nostris
1870 1006 1886 1054 ς
1920 1002 2055 1061 ergo
2085 982 2146 1040 in
2174 994 2330 1042 terra
2357 987 2468 1044 sui-

322 1074 629 1156 metipsius
661 1072 1023 1133 oblationem
1060 1073 1195 1132 fecit
1216 1121 1232 1150 7
1271 1096 1372 1134 seu
1405 1075 1646 1134 tradidit
1673 1098 1733 1135 se
1759 1075 1821 1134 in
1856 1078 2220 1138 sacrificium.
2269 1078 2336 1137 40
2368 1082 2469 1139 De-

320 1193 490 1230 mum
518 1182 663 1229 tunc
688 1169 954 1230 Christus
985 1168 1217 1228 oblatus
1247 1170 1575 1230 censendus
1609 1183 1694 1229 est
1713 1216 1727 1244 7
1761 1194 1899 1231 cum
1930 1171 2174 1231 abstulit
2205 1185 2462 1254 peccata3

321 1266 540 1327 obtulit
576 1267 738 1326 enim
781 1266 1166 1345 semetipsum
1205 1266 1293 1323 ad
1330 1268 1662 1326 multorum
1699 1268 2127 1327 eoehaurz'enda
2165 1280 2418 1348 peccata
2443 1294 2466 1337 ‚-

321 1363 426 1423 sed
479 1385 552 1422 ex
602 1359 881 1443 Apostolo
925 1362 1099 1419 Petro
1149 1360 1309 1419 istud
1353 1360 1617 1421 Christus
1671 1363 1945 1443 praestitit
2011 1364 2074 1421 in
2121 1384 2290 1424 cruce
2341 1387 2466 1425 mo-

319 1459 528 1519 riendo
550 1456 657 1538 (l).
681 1458 1170 1538 Quaquaversum
1194 1457 1369 1538 igitur
1391 1468 1689 1539 spectetur
1710 1458 1972 1540 Apostoli
1992 1461 2177 1519 oratio
2196 1506 2211 1535 7
2237 1473 2467 1522 constat

319 1555 505 1614 instar
533 1554 677 1614 certi
704 1553 981 1635 principii
1002 1551 1348 1612 habendum
1385 1575 1509 1613 esse
1530 1600 1545 1628 7
1587 1565 1717 1612 tum
1742 1554 2044 1614 Christum
2086 1577 2222 1616 vere
2261 1559 2465 1617 Sacer-

319 1651 523 1711 dotem
551 1650 726 1710 fuisse
747 1694 763 1724 7
794 1648 939 1708 dum
972 1650 1037 1708 in
1081 1649 1249 1708 terris
1276 1649 1547 1730 degeret7
1580 1661 1710 1708 tum
1740 1652 2122 1732 semetipsum
2152 1652 2215 1709 in
2245 1654 2463 1728 sacrifi-

318 1749 473 1808 cium
505 1745 785 1807 obtulisse
816 1746 881 1806 in
907 1757 1100 1805 morte
1127 1767 1251 1805 sua.
1289 1747 1360 1805 Et
1389 1746 1507 1805 haec
1536 1746 1611 1805 de
1636 1745 1817 1828 priori
1847 1745 2166 1806 Sacerdotii
2196 1769 2458 1808 munere.

403 1844 546 1904 580.
595 1843 795 1903 Altero
828 1854 1027 1903 autem
1053 1841 1371 1902 Sacerdotii
1407 1842 1596 1902 officio
1624 1887 1640 1917 7
1690 1842 1851 1923 quod
1889 1841 2144 1902 diximus
2179 1844 2243 1902 in
2273 1845 2461 1904 inter—

319 1942 577 2001 cessione
607 1940 920 2000 consistere
942 1984 959 2014 7
988 1940 1052 1997 in
1087 1938 1324 1998 mortali
1358 1938 1550 1998 adhuc
1587 1939 1709 1998 vita
1748 1937 2048 1997 Christum
2084 1938 2459 2019 perfunctum

319 2058 443 2097 esse
463 2083 479 2112 7
521 2046 939 2116 argumentum
969 2033 1346 2094 ineluctabile
1384 2034 1541 2093 inter
1574 2044 1766 2093 cetera
1798 2032 2037 2092 exhibet
2065 2034 2122 2092 S.
2162 2036 2456 2110 Joannes7

319 2155 448 2215 cap.
477 2135 634 2192 XVII
660 2178 675 2207 7
708 2134 767 2190 in
795 2130 1128 2191 admirabili
1151 2130 1250 2191 illa
1292 2133 1559 2191 oratione
1580 2176 1596 2204 7
1629 2150 1808 2212 quam
1833 2141 1968 2211 post
1997 2151 2228 2190 coenam
2261 2130 2460 2190 Chris-

319 2241 414 2289 tus
448 2227 602 2289 fudit
635 2250 743 2310 pro
773 2226 1047 2286 omnihus
1080 2238 1209 2285 tum
1246 2225 1641 2309 praesentibus
1679 2237 1809 2285 tum
1844 2226 2054 2287 futuris
2082 2225 2422 2286 hominibus
2443 2274 2459 2303 7

319 2336 387 2384 ut
425 2347 528 2384 suo
565 2324 694 2385 loco
727 2322 1092 2384 ostendimus
1121 2320 1231 2402 (2).

401 2421 541 2481 581.
589 2422 919 2502 Utrumque
966 2441 1108 2482 vero
1147 2417 1507 2478 sacerdotale
1556 2439 1774 2478 munus
1800 2464 1817 2494 7
1864 2417 2024 2500 quod
2056 2418 2121 2477 in
2163 2417 2255 2477 his
2293 2419 2462 2478 terris

319 2517 586 2578 Christus
608 2516 907 2579 inchoavit
932 2563 947 2590 7
981 2517 1044 2575 in
1071 2514 1231 2576 coelis
1260 2515 1505 2597 perfecit
1525 2559 1541 2590 7
1568 2527 1698 2574 tum
1732 2514 2008 2573 continua
2031 2534 2097 2573 ac
2120 2514 2247 2593 jugi
2285 2515 2462 2572 sacri-

318 2615 433 2673 ficii
453 2614 636 2674 semel
658 2612 838 2673 oblati
859 2612 1276 2695 applicatione7
1301 2622 1432 2670 tum
1447 2622 1734 2694 perpetua
1758 2609 1857 2669 illa
1881 2609 2317 2684 intercessione7
2347 2631 2460 2691 qua

315 2709 661 2791 interpellat
689 2732 798 2791 pro
833 2709 1033 2769 nobis.

401 2805 543 2865 582.
588 2805 786 2878 Quaeri
812 2816 1013 2866 autem
1039 2804 1225 2879 solet7
1266 2804 1330 2863 in
1366 2824 1483 2885 quo
1519 2801 1645 2862 haec
1679 2800 1895 2861 Christi
1919 2801 2078 2883 apud
2122 2803 2359 2861 Patrem
2397 2802 2461 2861 in

319 2900 485 2963 coelis
513 2900 851 2960 intercessio
886 2902 1075 2982 posita
1113 2902 1207 2959 sit.
1239 2902 1373 2959 Non
1398 2898 1617 2959 desunt
1645 2899 1844 2958 Patres
1866 2943 1882 2972 7
1914 2898 2072 2979 iique
2096 2919 2218 2957 non
2252 2898 2419 2979 pauci
2442 2942 2457 2972 7

319 2999 421 3080 qui
451 2997 792 3059 existiment
829 2996 1128 3056 Christum
1165 2996 1343 3055 etiam
1376 2995 1435 3053 in
1472 2994 1619 3055 coelo
1649 3015 1815 3054 orare
1846 3005 1905 3053 et
1940 2992 2235 3074 precando
2271 2993 2460 3052 inter—

318 3094 543 3176 pellare
579 3114 689 3177 pro
731 3091 902 3153 nobis
938 3091 1050 3174 (3).
1100 3092 1254 3150 Hinc
1294 3090 1442 3150 illud
1489 3091 1797 3171 Augustini
1843 3088 2068 3148 dictum
2110 3111 2124 3147 z
2179 3089 2459 3149 Christus

319 3201 456 3251 orat
480 3211 599 3270 pro
644 3190 819 3251 nobis
862 3199 933 3248 ut
977 3188 1263 3248 Sacerdos
1313 3196 1512 3246 noster
1534 3230 1560 3259 ,
1606 3197 1743 3245 orat
1793 3191 1864 3244 in
1916 3185 2089 3243 nohis
2140 3195 2211 3243 ut
2263 3184 2465 3264 Caput

320 3298 599 3348 nostrum
616 3332 633 3363 7
657 3297 874 3346 oratur
895 3307 938 3346 a
962 3285 1137 3345 nobis
1162 3294 1235 3343 ut
1257 3285 1425 3343 Deus
1461 3292 1659 3341 noster
1685 3280 1799 3363 (4).
1839 3280 2221 3340 Communior
2257 3291 2458 3340 tamen

388 3514 459 3574 (Ι)
493 3510 519 3559 Ι
549 3510 653 3560 Pet.
677 3526 710 3558 n
731 3547 744 3570 7
775 3507 861 3573 24.
1463 3519 1469 3525 ·
1510 3503 1576 3566 (3)
1612 3502 1714 3553 Cfr.
1734 3502 1890 3554 Petav.
1908 3503 1991 3553 lib.
2012 3519 2075 3553 xit
2094 3539 2109 3562 ,
2135 3519 2239 3569 cap.
2263 3500 2324 3564 8,
2347 3500 2374 3568 §
2401 3518 2458 3550 10

382 3595 455 3659 (2)
491 3593 646 3643 Tract.
668 3591 751 3642 Do
764 3591 874 3640 Deo
892 3627 911 3654 ,
939 3610 992 3640 n.
1025 3587 1128 3656 474
1147 3600 1195 3639 et
1212 3606 1346 3655 seqq.
1439 3596 1484 3635 et
1511 3604 1645 3652 seqq.

318 3687 515 3739 tom-n,
535 3694 644 3743 pag.
681 3690 800 3742 209.
1505 3668 1574 3732 (A)
1611 3666 1857 3719 Enarrat.
1886 3670 1944 3717 in
1975 3671 2071 3719 Ps.
2096 3683 2272 3729 xxxxv,
2300 3684 2348 3715 n.
2383 3680 2423 3713 1.
