<?xml version="1.0" encoding="UTF-8"?>
<!DOCTYPE html PUBLIC "-//W3C//DTD XHTML 1.0 Transitional//EN"
    "http://www.w3.org/TR/xhtml1/DTD/xhtml1-transitional.dtd">
<html xmlns="http://www.w3.org/1999/xhtml" xml:lang="en" lang="en">
 <head>
  <title>
</title>
<meta http-equiv="Content-Type" content="text/html;charset=utf-8" />
  <meta name='ocr-system' content='tesseract 3.04.00' />
  <meta name='ocr-capabilities' content='ocr_page ocr_carea ocr_par ocr_line ocrx_word'/>
</head>
<body>
  <div class='ocr_page' id='page_1' title='image "a603693804perruoft_0038.png"; bbox 0 0 2534 4088; ppageno 0'>
   <div class='ocr_carea' id='block_1_1' title="bbox 261 213 1705 272">
    <p class='ocr_par' dir='ltr' id='par_1_1' title="bbox 261 213 1705 272">
     <span class='ocr_line' id='line_1_1' title="bbox 261 213 1705 272; baseline 0.001 -10"><span class='ocrx_word' id='word_1_1' title='bbox 261 213 337 272; x_wconf 85' lang='lat'>30</span> <span class='ocrx_word' id='word_1_2' title='bbox 916 224 1111 263; x_wconf 76' lang='lat' dir='ltr'>raAcr.</span> <span class='ocrx_word' id='word_1_3' title='bbox 1156 224 1224 260; x_wconf 74' lang='lat' dir='ltr'>nn</span> <span class='ocrx_word' id='word_1_4' title='bbox 1268 225 1705 264; x_wconf 68' lang='lat' dir='ltr'>mmm-«Ariona.</span> 
     </span>
    </p>
   </div>
   <div class='ocr_carea' id='block_1_2' title="bbox 255 363 2382 747">
    <p class='ocr_par' dir='ltr' id='par_1_2' title="bbox 255 363 2382 747">
     <span class='ocr_line' id='line_1_2' title="bbox 255 363 2382 455; baseline 0.009 -60"><span class='ocrx_word' id='word_1_5' title='bbox 255 378 373 437; x_wconf 60' lang='lat' dir='ltr'>&gt;eise</span> <span class='ocrx_word' id='word_1_6' title='bbox 421 383 658 454; x_wconf 83' lang='lat' dir='ltr'>agatur,</span> <span class='ocrx_word' id='word_1_7' title='bbox 708 381 768 429; x_wconf 88' lang='lat' dir='ltr'>et</span> <span class='ocrx_word' id='word_1_8' title='bbox 821 364 917 425; x_wconf 89' lang='lat' dir='ltr'>alii</span> <span class='ocrx_word' id='word_1_9' title='bbox 960 365 1024 424; x_wconf 88' lang='lat' dir='ltr'>in</span> <span class='ocrx_word' id='word_1_10' title='bbox 1069 363 1208 424; x_wconf 87' lang='lat' dir='ltr'>alias</span> <span class='ocrx_word' id='word_1_11' title='bbox 1258 363 1477 427; x_wconf 86' lang='lat' dir='ltr'>abeunt</span> <span class='ocrx_word' id='word_1_12' title='bbox 1525 370 1845 429; x_wconf 88' lang='lat' dir='ltr'>sententias</span> <span class='ocrx_word' id='word_1_13' title='bbox 1893 371 2138 453; x_wconf 63' lang='lat' dir='ltr'>(1).EX</span> <span class='ocrx_word' id='word_1_14' title='bbox 2184 374 2382 455; x_wconf 65' lang='lat' dir='ltr'>ignota</span> 
     </span>
     <span class='ocr_line' id='line_1_3' title="bbox 258 459 2382 555; baseline -0.009 -22"><span class='ocrx_word' id='word_1_15' title='bbox 258 468 507 555; x_wconf 85' lang='lat' dir='ltr'>proinde</span> <span class='ocrx_word' id='word_1_16' title='bbox 549 489 612 527; x_wconf 73' lang='lat' dir='ltr'>re</span> <span class='ocrx_word' id='word_1_17' title='bbox 655 462 802 525; x_wconf 85' lang='lat' dir='ltr'>nihil</span> <span class='ocrx_word' id='word_1_18' title='bbox 845 459 1092 522; x_wconf 85' lang='lat' dir='ltr'>extundi</span> <span class='ocrx_word' id='word_1_19' title='bbox 1134 471 1328 542; x_wconf 90' lang='lat' dir='ltr'>potest</span> <span class='ocrx_word' id='word_1_20' title='bbox 1354 507 1369 537; x_wconf 92' lang='lat'>7</span> <span class='ocrx_word' id='word_1_21' title='bbox 1417 465 1576 545; x_wconf 92' lang='lat' dir='ltr'>quod</span> <span class='ocrx_word' id='word_1_22' title='bbox 1618 466 1917 527; x_wconf 88' lang='lat' dir='ltr'>infirmare</span> <span class='ocrx_word' id='word_1_23' title='bbox 1948 467 2043 536; x_wconf 82' lang='lat' dir='ltr'>vel</span> <span class='ocrx_word' id='word_1_24' title='bbox 2067 470 2382 530; x_wconf 77' lang='lat' dir='ltr'>minimum</span> 
     </span>
     <span class='ocr_line' id='line_1_4' title="bbox 259 557 2382 651; baseline -0.005 -21"><span class='ocrx_word' id='word_1_25' title='bbox 259 568 473 651; x_wconf 86' lang='lat' dir='ltr'>possit,</span> <span class='ocrx_word' id='word_1_26' title='bbox 516 584 645 646; x_wconf 82' lang='lat' dir='ltr'>quae</span> <span class='ocrx_word' id='word_1_27' title='bbox 688 569 888 642; x_wconf 88' lang='lat' dir='ltr'>aperta</span> <span class='ocrx_word' id='word_1_28' title='bbox 918 557 1351 640; x_wconf 84' lang='lat' dir='ltr'>Scripturarum</span> <span class='ocrx_word' id='word_1_29' title='bbox 1375 559 1709 621; x_wconf 88' lang='lat' dir='ltr'>testimonia</span> <span class='ocrx_word' id='word_1_30' title='bbox 1737 561 1810 622; x_wconf 91' lang='lat' dir='ltr'>de</span> <span class='ocrx_word' id='word_1_31' title='bbox 1843 562 1951 623; x_wconf 87' lang='lat' dir='ltr'>hac</span> <span class='ocrx_word' id='word_1_32' title='bbox 1993 565 2117 646; x_wconf 88' lang='lat' dir='ltr'>ipsa</span> <span class='ocrx_word' id='word_1_33' title='bbox 2163 565 2382 647; x_wconf 81' lang='lat' dir='ltr'>epocha</span> 
     </span>
     <span class='ocr_line' id='line_1_5' title="bbox 259 663 541 747; baseline -0.025 -22"><span class='ocrx_word' id='word_1_34' title='bbox 259 663 541 747; x_wconf 89' lang='lat' dir='ltr'>produnt.</span> 
     </span>
    </p>
   </div>
   <div class='ocr_carea' id='block_1_3' title="bbox 1053 806 1603 860">
    <p class='ocr_par' dir='ltr' id='par_1_3' title="bbox 1053 806 1603 860">
     <span class='ocr_line' id='line_1_6' title="bbox 1053 806 1603 860; baseline 0.004 -2"><span class='ocrx_word' id='word_1_35' title='bbox 1053 806 1466 860; x_wconf 88' lang='lat' dir='ltr'>PROPOSITIO</span> <span class='ocrx_word' id='word_1_36' title='bbox 1532 808 1603 860; x_wconf 92' lang='lat' dir='ltr'>II.</span> 
     </span>
    </p>
   </div>
   <div class='ocr_carea' id='block_1_4' title="bbox 424 949 2226 1126">
    <p class='ocr_par' dir='ltr' id='par_1_4' title="bbox 424 949 2226 1126">
     <span class='ocr_line' id='line_1_7' title="bbox 424 949 2226 1036; baseline 0.001 -24"><span class='ocrx_word' id='word_1_37' title='bbox 424 953 672 1036; x_wconf 74' lang='lat' dir='ltr'>Epocha</span> <span class='ocrx_word' id='word_1_38' title='bbox 715 952 1008 1011; x_wconf 75' lang='lat' dir='ltr'>adventus</span> <span class='ocrx_word' id='word_1_39' title='bbox 1050 949 1286 1010; x_wconf 77' lang='lat' dir='ltr'>Messz‘ae</span> <span class='ocrx_word' id='word_1_40' title='bbox 1326 955 1398 1008; x_wconf 78' lang='lat' dir='ltr'>in</span> <span class='ocrx_word' id='word_1_41' title='bbox 1440 951 1784 1030; x_wconf 60' lang='lat' dir='ltr'>Scrzpturis</span> <span class='ocrx_word' id='word_1_42' title='bbox 1827 952 2226 1019; x_wconf 78' lang='lat' dir='ltr'>determinata</span> 
     </span>
     <span class='ocr_line' id='line_1_8' title="bbox 1037 1046 1620 1126; baseline -0.002 -22"><span class='ocrx_word' id='word_1_43' title='bbox 1037 1046 1352 1105; x_wconf 77' lang='lat' dir='ltr'>retardari</span> <span class='ocrx_word' id='word_1_44' title='bbox 1395 1050 1620 1126; x_wconf 76' lang='lat' dir='ltr'>nequit.</span> 
     </span>
    </p>
   </div>
   <div class='ocr_carea' id='block_1_5' title="bbox 262 1225 2408 3325">
    <p class='ocr_par' dir='ltr' id='par_1_5' title="bbox 262 1225 2395 1797">
     <span class='ocr_line' id='line_1_9' title="bbox 345 1225 2392 1309; baseline 0 -19"><span class='ocrx_word' id='word_1_45' title='bbox 345 1231 446 1291; x_wconf 83' lang='lat'>53.</span> <span class='ocrx_word' id='word_1_46' title='bbox 495 1230 605 1289; x_wconf 90' lang='lat' dir='ltr'>Eos</span> <span class='ocrx_word' id='word_1_47' title='bbox 627 1227 754 1288; x_wconf 87' lang='lat' dir='ltr'>haec</span> <span class='ocrx_word' id='word_1_48' title='bbox 797 1226 978 1286; x_wconf 82' lang='lat' dir='ltr'>thesis</span> <span class='ocrx_word' id='word_1_49' title='bbox 1022 1225 1398 1308; x_wconf 71' lang='lat' dir='ltr'><strong>perstringit,</strong></span> <span class='ocrx_word' id='word_1_50' title='bbox 1430 1226 1571 1309; x_wconf 86' lang='lat' dir='ltr'>qui,</span> <span class='ocrx_word' id='word_1_51' title='bbox 1622 1226 2056 1309; x_wconf 86' lang='lat' dir='ltr'>Scripturarum</span> <span class='ocrx_word' id='word_1_52' title='bbox 2099 1252 2164 1289; x_wconf 89' lang='lat' dir='ltr'>ac</span> <span class='ocrx_word' id='word_1_53' title='bbox 2209 1230 2392 1290; x_wconf 90' lang='lat' dir='ltr'>tradi-</span> 
     </span>
     <span class='ocr_line' id='line_1_10' title="bbox 262 1320 2391 1406; baseline -0.002 -17"><span class='ocrx_word' id='word_1_54' title='bbox 262 1327 438 1389; x_wconf 86' lang='lat' dir='ltr'>tionis</span> <span class='ocrx_word' id='word_1_55' title='bbox 458 1324 803 1385; x_wconf 86' lang='lat' dir='ltr'>auctoritate</span> <span class='ocrx_word' id='word_1_56' title='bbox 817 1321 1000 1406; x_wconf 89' lang='lat' dir='ltr'>pressi</span> <span class='ocrx_word' id='word_1_57' title='bbox 1021 1367 1037 1396; x_wconf 85' lang='lat'>7</span> <span class='ocrx_word' id='word_1_58' title='bbox 1069 1320 1392 1380; x_wconf 88' lang='lat' dir='ltr'>admittunt</span> <span class='ocrx_word' id='word_1_59' title='bbox 1417 1320 1657 1403; x_wconf 89' lang='lat' dir='ltr'>quidem</span> <span class='ocrx_word' id='word_1_60' title='bbox 1677 1367 1693 1392; x_wconf 84' lang='lat'>7</span> <span class='ocrx_word' id='word_1_61' title='bbox 1719 1320 2175 1385; x_wconf 78' lang='lat' dir='ltr'>determinatam</span> <span class='ocrx_word' id='word_1_62' title='bbox 2204 1347 2235 1384; x_wconf 88' lang='lat' dir='ltr'>a</span> <span class='ocrx_word' id='word_1_63' title='bbox 2269 1328 2391 1386; x_wconf 91' lang='lat' dir='ltr'>Deo</span> 
     </span>
     <span class='ocr_line' id='line_1_11' title="bbox 264 1415 2389 1508; baseline -0.003 -23"><span class='ocrx_word' id='word_1_64' title='bbox 264 1446 329 1485; x_wconf 89' lang='lat' dir='ltr'>ao</span> <span class='ocrx_word' id='word_1_65' title='bbox 351 1422 703 1508; x_wconf 82' lang='lat' dir='ltr'>patefactam</span> <span class='ocrx_word' id='word_1_66' title='bbox 732 1418 1001 1502; x_wconf 87' lang='lat' dir='ltr'>promissi</span> <span class='ocrx_word' id='word_1_67' title='bbox 1019 1418 1240 1477; x_wconf 85' lang='lat' dir='ltr'>Messiae</span> <span class='ocrx_word' id='word_1_68' title='bbox 1266 1415 1551 1500; x_wconf 85' lang='lat' dir='ltr'>epocham</span> <span class='ocrx_word' id='word_1_69' title='bbox 1579 1437 1703 1477; x_wconf 88' lang='lat' dir='ltr'>esse</span> <span class='ocrx_word' id='word_1_70' title='bbox 1726 1443 1741 1491; x_wconf 66' lang='grc' dir='ltr'><strong>ς</strong></span> <span class='ocrx_word' id='word_1_71' title='bbox 1771 1419 2141 1480; x_wconf 86' lang='lat' dir='ltr'>contendunt</span> <span class='ocrx_word' id='word_1_72' title='bbox 2162 1431 2389 1496; x_wconf 88' lang='lat' dir='ltr'>tamen,</span> 
     </span>
     <span class='ocr_line' id='line_1_12' title="bbox 263 1512 2395 1599; baseline -0.003 -19"><span class='ocrx_word' id='word_1_73' title='bbox 263 1533 332 1580; x_wconf 91' lang='lat' dir='ltr'>ut</span> <span class='ocrx_word' id='word_1_74' title='bbox 345 1518 682 1579; x_wconf 89' lang='lat' dir='ltr'>monuimus</span> <span class='ocrx_word' id='word_1_75' title='bbox 702 1562 718 1591; x_wconf 99' lang='lat'>7</span> <span class='ocrx_word' id='word_1_76' title='bbox 752 1513 827 1575; x_wconf 93' lang='lat' dir='ltr'>ob</span> <span class='ocrx_word' id='word_1_77' title='bbox 855 1517 890 1575; x_wconf 89' lang='lat' dir='ltr'><strong>J</strong></span> <span class='ocrx_word' id='word_1_78' title='bbox 894 1513 1081 1573; x_wconf 86' lang='lat' dir='ltr'>udaiei</span> <span class='ocrx_word' id='word_1_79' title='bbox 1103 1512 1309 1599; x_wconf 92' lang='lat' dir='ltr'>populi</span> <span class='ocrx_word' id='word_1_80' title='bbox 1333 1512 1548 1573; x_wconf 87' lang='lat' dir='ltr'>scelera</span> <span class='ocrx_word' id='word_1_81' title='bbox 1582 1512 1822 1572; x_wconf 87' lang='lat' dir='ltr'>dilatam</span> <span class='ocrx_word' id='word_1_82' title='bbox 1848 1535 1971 1575; x_wconf 86' lang='lat' dir='ltr'>esse</span> <span class='ocrx_word' id='word_1_83' title='bbox 1996 1525 2169 1598; x_wconf 87' lang='lat' dir='ltr'>atque</span> <span class='ocrx_word' id='word_1_84' title='bbox 2193 1516 2256 1578; x_wconf 85' lang='lat' dir='ltr'>in</span> <span class='ocrx_word' id='word_1_85' title='bbox 2273 1515 2395 1574; x_wconf 89' lang='lat' dir='ltr'>dies</span> 
     </span>
     <span class='ocr_line' id='line_1_13' title="bbox 265 1609 2395 1695; baseline -0.003 -18"><span class='ocrx_word' id='word_1_86' title='bbox 265 1616 486 1677; x_wconf 87' lang='lat' dir='ltr'>differri</span> <span class='ocrx_word' id='word_1_87' title='bbox 511 1613 776 1674; x_wconf 87' lang='lat' dir='ltr'>divinam</span> <span class='ocrx_word' id='word_1_88' title='bbox 807 1611 1279 1695; x_wconf 84' lang='lat' dir='ltr'>promissionem.</span> <span class='ocrx_word' id='word_1_89' title='bbox 1319 1609 1595 1691; x_wconf 86' lang='lat' dir='ltr'>Desipere</span> <span class='ocrx_word' id='word_1_90' title='bbox 1638 1620 1836 1671; x_wconf 90' lang='lat' dir='ltr'>autem</span> <span class='ocrx_word' id='word_1_91' title='bbox 1873 1609 2046 1689; x_wconf 89' lang='lat' dir='ltr'>hujus</span> <span class='ocrx_word' id='word_1_92' title='bbox 2090 1612 2395 1672; x_wconf 83' lang='lat' dir='ltr'>sententiae</span> 
     </span>
     <span class='ocr_line' id='line_1_14' title="bbox 265 1704 2144 1797; baseline -0.004 -24"><span class='ocrx_word' id='word_1_93' title='bbox 265 1725 545 1797; x_wconf 90' lang='lat' dir='ltr'>patronos</span> <span class='ocrx_word' id='word_1_94' title='bbox 570 1755 592 1783; x_wconf 85' lang='lat'>,</span> <span class='ocrx_word' id='word_1_95' title='bbox 634 1709 879 1791; x_wconf 88' lang='lat' dir='ltr'>quisque</span> <span class='ocrx_word' id='word_1_96' title='bbox 915 1706 1232 1791; x_wconf 72' lang='lat' dir='ltr'>intelliget,</span> <span class='ocrx_word' id='word_1_97' title='bbox 1280 1707 1380 1791; x_wconf 86' lang='lat' dir='ltr'>qui</span> <span class='ocrx_word' id='word_1_98' title='bbox 1421 1704 1515 1766; x_wconf 87' lang='lat' dir='ltr'>vel</span> <span class='ocrx_word' id='word_1_99' title='bbox 1540 1704 1749 1766; x_wconf 87' lang='lat' dir='ltr'>leviter</span> <span class='ocrx_word' id='word_1_100' title='bbox 1773 1706 2101 1788; x_wconf 84' lang='lat' dir='ltr'>perpendat·</span> <span class='ocrx_word' id='word_1_101' title='bbox 2132 1730 2144 1764; x_wconf 91' lang='lat'>:</span> 
     </span>
    </p>

    <p class='ocr_par' dir='ltr' id='par_1_6' title="bbox 267 1801 2397 2081">
     <span class='ocr_line' id='line_1_15' title="bbox 352 1801 2397 1887; baseline -0.002 -21"><span class='ocrx_word' id='word_1_102' title='bbox 352 1808 451 1866; x_wconf 77' lang='lat'>54.</span> <span class='ocrx_word' id='word_1_103' title='bbox 506 1808 568 1864; x_wconf 89' lang='lat'>10</span> <span class='ocrx_word' id='word_1_104' title='bbox 588 1806 807 1865; x_wconf 84' lang='lat' dir='ltr'>Messiae</span> <span class='ocrx_word' id='word_1_105' title='bbox 836 1804 1287 1887; x_wconf 82' lang='lat' dir='ltr'>promissionem</span> <span class='ocrx_word' id='word_1_106' title='bbox 1322 1811 1662 1864; x_wconf 82' lang='lat' dir='ltr'>constanter</span> <span class='ocrx_word' id='word_1_107' title='bbox 1700 1801 1763 1859; x_wconf 89' lang='lat' dir='ltr'>in</span> <span class='ocrx_word' id='word_1_108' title='bbox 1797 1802 2106 1885; x_wconf 88' lang='lat' dir='ltr'>Scripturis</span> <span class='ocrx_word' id='word_1_109' title='bbox 2133 1801 2397 1863; x_wconf 86' lang='lat' dir='ltr'>absolute</span> 
     </span>
     <span class='ocr_line' id='line_1_16' title="bbox 267 1896 2397 1988; baseline -0.002 -25"><span class='ocrx_word' id='word_1_110' title='bbox 267 1903 554 1988; x_wconf 90' lang='lat' dir='ltr'>proponi,</span> <span class='ocrx_word' id='word_1_111' title='bbox 588 1922 894 1983; x_wconf 87' lang='lat' dir='ltr'>nunquam</span> <span class='ocrx_word' id='word_1_112' title='bbox 933 1921 1073 1962; x_wconf 89' lang='lat' dir='ltr'>vero</span> <span class='ocrx_word' id='word_1_113' title='bbox 1100 1898 1536 1970; x_wconf 73' lang='lat' dir='ltr'>conditionate3</span> <span class='ocrx_word' id='word_1_114' title='bbox 1579 1896 1724 1957; x_wconf 83' lang='lat' dir='ltr'>adeo</span> <span class='ocrx_word' id='word_1_115' title='bbox 1752 1908 1819 1956; x_wconf 91' lang='lat' dir='ltr'>ut</span> <span class='ocrx_word' id='word_1_116' title='bbox 1848 1899 2118 1982; x_wconf 83' lang='lat' dir='ltr'>nuspiam</span> <span class='ocrx_word' id='word_1_117' title='bbox 2148 1898 2243 1958; x_wconf 88' lang='lat' dir='ltr'>vel</span> <span class='ocrx_word' id='word_1_118' title='bbox 2268 1898 2397 1961; x_wconf 85' lang='lat' dir='ltr'>leve</span> 
     </span>
     <span class='ocr_line' id='line_1_17' title="bbox 269 1994 1602 2081; baseline -0.008 -20"><span class='ocrx_word' id='word_1_119' title='bbox 269 1997 554 2081; x_wconf 87' lang='lat' dir='ltr'>ejusmodi</span> <span class='ocrx_word' id='word_1_120' title='bbox 576 1995 927 2060; x_wconf 87' lang='lat' dir='ltr'>conditionis</span> <span class='ocrx_word' id='word_1_121' title='bbox 957 1994 1266 2076; x_wconf 80' lang='lat' dir='ltr'>vestigium</span> <span class='ocrx_word' id='word_1_122' title='bbox 1301 2003 1602 2075; x_wconf 83' lang='lat' dir='ltr'>appareat.</span> 
     </span>
    </p>

    <p class='ocr_par' dir='ltr' id='par_1_7' title="bbox 270 2087 2399 2463">
     <span class='ocr_line' id='line_1_18' title="bbox 354 2087 2397 2171; baseline -0.003 -18"><span class='ocrx_word' id='word_1_123' title='bbox 354 2095 452 2154; x_wconf 84' lang='lat'>55.</span> <span class='ocrx_word' id='word_1_124' title='bbox 496 2095 565 2153; x_wconf 79' lang='lat'>20</span> <span class='ocrx_word' id='word_1_125' title='bbox 597 2093 869 2152; x_wconf 88' lang='lat' dir='ltr'>Messiam</span> <span class='ocrx_word' id='word_1_126' title='bbox 888 2113 1011 2150; x_wconf 90' lang='lat' dir='ltr'>non</span> <span class='ocrx_word' id='word_1_127' title='bbox 1041 2089 1118 2149; x_wconf 90' lang='lat' dir='ltr'>ad</span> <span class='ocrx_word' id='word_1_128' title='bbox 1147 2088 1298 2148; x_wconf 89' lang='lat' dir='ltr'>solos</span> <span class='ocrx_word' id='word_1_129' title='bbox 1331 2087 1638 2164; x_wconf 87' lang='lat' dir='ltr'>Hebraeos7</span> <span class='ocrx_word' id='word_1_130' title='bbox 1677 2088 1781 2148; x_wconf 91' lang='lat' dir='ltr'>sed</span> <span class='ocrx_word' id='word_1_131' title='bbox 1813 2087 1888 2147; x_wconf 93' lang='lat' dir='ltr'>ad</span> <span class='ocrx_word' id='word_1_132' title='bbox 1928 2110 2131 2149; x_wconf 90' lang='lat' dir='ltr'>omnes</span> <span class='ocrx_word' id='word_1_133' title='bbox 2159 2110 2397 2171; x_wconf 90' lang='lat' dir='ltr'>prorsus</span> 
     </span>
     <span class='ocr_line' id='line_1_19' title="bbox 270 2183 2396 2279; baseline -0.004 -28"><span class='ocrx_word' id='word_1_134' title='bbox 270 2189 520 2279; x_wconf 92' lang='lat' dir='ltr'>populos</span> <span class='ocrx_word' id='word_1_135' title='bbox 544 2210 646 2248; x_wconf 90' lang='lat' dir='ltr'>seu</span> <span class='ocrx_word' id='word_1_136' title='bbox 664 2187 937 2247; x_wconf 89' lang='lat' dir='ltr'>homines</span> <span class='ocrx_word' id='word_1_137' title='bbox 957 2187 1133 2246; x_wconf 83' lang='lat' dir='ltr'>mitti.</span> <span class='ocrx_word' id='word_1_138' title='bbox 1151 2187 1338 2245; x_wconf 89' lang='lat' dir='ltr'>Nemo</span> <span class='ocrx_word' id='word_1_139' title='bbox 1361 2195 1672 2270; x_wconf 86' lang='lat' dir='ltr'>propterea</span> <span class='ocrx_word' id='word_1_140' title='bbox 1690 2207 1863 2244; x_wconf 90' lang='lat' dir='ltr'>sanus</span> <span class='ocrx_word' id='word_1_141' title='bbox 1887 2183 1996 2243; x_wconf 88' lang='lat' dir='ltr'>sibi</span> <span class='ocrx_word' id='word_1_142' title='bbox 2022 2184 2396 2270; x_wconf 80' lang='lat' dir='ltr'>persuaserit,</span> 
     </span>
     <span class='ocr_line' id='line_1_20' title="bbox 273 2280 2399 2370; baseline -0.003 -23"><span class='ocrx_word' id='word_1_143' title='bbox 273 2286 348 2347; x_wconf 92' lang='lat' dir='ltr'>ob</span> <span class='ocrx_word' id='word_1_144' title='bbox 376 2285 682 2370; x_wconf 86' lang='lat' dir='ltr'>peculiaris</span> <span class='ocrx_word' id='word_1_145' title='bbox 710 2287 746 2344; x_wconf 91' lang='lat' dir='ltr'><strong>J</strong></span> <span class='ocrx_word' id='word_1_146' title='bbox 750 2283 939 2342; x_wconf 83' lang='lat' dir='ltr'>udaiei</span> <span class='ocrx_word' id='word_1_147' title='bbox 965 2282 1168 2366; x_wconf 87' lang='lat' dir='ltr'>populi</span> <span class='ocrx_word' id='word_1_148' title='bbox 1195 2280 1409 2341; x_wconf 91' lang='lat' dir='ltr'>scelera</span> <span class='ocrx_word' id='word_1_149' title='bbox 1444 2280 1732 2343; x_wconf 87' lang='lat' dir='ltr'>retardari</span> <span class='ocrx_word' id='word_1_150' title='bbox 1752 2327 1767 2355; x_wconf 88' lang='lat'>7</span> <span class='ocrx_word' id='word_1_151' title='bbox 1803 2281 1960 2363; x_wconf 91' lang='lat' dir='ltr'>quod</span> <span class='ocrx_word' id='word_1_152' title='bbox 1986 2280 2062 2344; x_wconf 85' lang='lat' dir='ltr'>ad</span> <span class='ocrx_word' id='word_1_153' title='bbox 2086 2301 2399 2346; x_wconf 86' lang='lat' dir='ltr'>commune</span> 
     </span>
     <span class='ocr_line' id='line_1_21' title="bbox 275 2379 1315 2463; baseline -0.008 -19"><span class='ocrx_word' id='word_1_154' title='bbox 275 2383 544 2444; x_wconf 91' lang='lat' dir='ltr'>omnium</span> <span class='ocrx_word' id='word_1_155' title='bbox 567 2380 796 2440; x_wconf 88' lang='lat' dir='ltr'>bonum</span> <span class='ocrx_word' id='word_1_156' title='bbox 823 2379 1179 2463; x_wconf 88' lang='lat' dir='ltr'>promissum</span> <span class='ocrx_word' id='word_1_157' title='bbox 1207 2389 1315 2439; x_wconf 89' lang='lat' dir='ltr'>est.</span> 
     </span>
    </p>

    <p class='ocr_par' dir='ltr' id='par_1_8' title="bbox 270 2471 2408 3325">
     <span class='ocr_line' id='line_1_22' title="bbox 359 2471 2399 2556; baseline -0.003 -20"><span class='ocrx_word' id='word_1_158' title='bbox 359 2478 458 2537; x_wconf 85' lang='lat'>56.</span> <span class='ocrx_word' id='word_1_159' title='bbox 509 2477 574 2536; x_wconf 86' lang='lat'>30</span> <span class='ocrx_word' id='word_1_160' title='bbox 615 2475 911 2556; x_wconf 90' lang='lat' dir='ltr'>Ejusmodi</span> <span class='ocrx_word' id='word_1_161' title='bbox 962 2473 1362 2534; x_wconf 88' lang='lat' dir='ltr'>conditionem</span> <span class='ocrx_word' id='word_1_162' title='bbox 1407 2484 1609 2555; x_wconf 88' lang='lat' dir='ltr'>aperte</span> <span class='ocrx_word' id='word_1_163' title='bbox 1656 2473 1897 2532; x_wconf 87' lang='lat' dir='ltr'>omnino</span> <span class='ocrx_word' id='word_1_164' title='bbox 1951 2495 1983 2531; x_wconf 89' lang='lat' dir='ltr'>a</span> <span class='ocrx_word' id='word_1_165' title='bbox 2026 2475 2147 2532; x_wconf 91' lang='lat' dir='ltr'>Deo</span> <span class='ocrx_word' id='word_1_166' title='bbox 2201 2471 2399 2532; x_wconf 79' lang='lat' dir='ltr'>exclu-</span> 
     </span>
     <span class='ocr_line' id='line_1_23' title="bbox 276 2567 2401 2662; baseline -0.004 -28"><span class='ocrx_word' id='word_1_167' title='bbox 276 2575 339 2634; x_wconf 92' lang='lat' dir='ltr'>di</span> <span class='ocrx_word' id='word_1_168' title='bbox 367 2620 383 2650; x_wconf 96' lang='lat'>7</span> <span class='ocrx_word' id='word_1_169' title='bbox 439 2573 669 2662; x_wconf 79' lang='lat' dir='ltr'>quoties</span> <span class='ocrx_word' id='word_1_170' title='bbox 718 2573 841 2656; x_wconf 89' lang='lat' dir='ltr'>ipse</span> <span class='ocrx_word' id='word_1_171' title='bbox 890 2572 1201 2659; x_wconf 85' lang='lat' dir='ltr'>profitetur</span> <span class='ocrx_word' id='word_1_172' title='bbox 1239 2580 1474 2653; x_wconf 89' lang='lat' dir='ltr'>tempus</span> <span class='ocrx_word' id='word_1_173' title='bbox 1525 2567 1812 2630; x_wconf 88' lang='lat' dir='ltr'>adventus</span> <span class='ocrx_word' id='word_1_174' title='bbox 1862 2568 2134 2651; x_wconf 89' lang='lat' dir='ltr'>promissi</span> <span class='ocrx_word' id='word_1_175' title='bbox 2179 2568 2401 2627; x_wconf 85' lang='lat' dir='ltr'>Messiae</span> 
     </span>
     <span class='ocr_line' id='line_1_24' title="bbox 277 2664 2404 2748; baseline -0.002 -17"><span class='ocrx_word' id='word_1_176' title='bbox 277 2673 547 2731; x_wconf 71' lang='lat' dir='ltr'>decisum</span> <span class='ocrx_word' id='word_1_177' title='bbox 568 2690 637 2733; x_wconf 82' lang='lat' dir='ltr'>ac</span> <span class='ocrx_word' id='word_1_178' title='bbox 663 2670 1131 2746; x_wconf 59' lang='lat' dir='ltr'>determrq&#39;natum</span> <span class='ocrx_word' id='word_1_179' title='bbox 1159 2687 1281 2729; x_wconf 90' lang='lat' dir='ltr'>esse</span> <span class='ocrx_word' id='word_1_180' title='bbox 1304 2710 1319 2738; x_wconf 90' lang='lat'>7</span> <span class='ocrx_word' id='word_1_181' title='bbox 1356 2675 1423 2722; x_wconf 87' lang='lat' dir='ltr'>ut</span> <span class='ocrx_word' id='word_1_182' title='bbox 1467 2667 1612 2722; x_wconf 90' lang='lat' dir='ltr'>Dan.</span> <span class='ocrx_word' id='word_1_183' title='bbox 1649 2665 1725 2726; x_wconf 90' lang='lat' dir='ltr'>IX</span> <span class='ocrx_word' id='word_1_184' title='bbox 1753 2664 1873 2746; x_wconf 77' lang='lat'><strong>(2);</strong></span> <span class='ocrx_word' id='word_1_185' title='bbox 1918 2664 2144 2747; x_wconf 84' lang='lat' dir='ltr'>quo-ties</span> <span class='ocrx_word' id='word_1_186' title='bbox 2182 2665 2404 2748; x_wconf 77' lang='lat' dir='ltr'>gratui-</span> 
     </span>
     <span class='ocr_line' id='line_1_25' title="bbox 278 2759 2407 2843; baseline -0.004 -18"><span class='ocrx_word' id='word_1_187' title='bbox 278 2778 403 2826; x_wconf 87' lang='lat' dir='ltr'>tam</span> <span class='ocrx_word' id='word_1_188' title='bbox 439 2764 694 2826; x_wconf 87' lang='lat' dir='ltr'>affirmat</span> <span class='ocrx_word' id='word_1_189' title='bbox 715 2784 838 2823; x_wconf 90' lang='lat' dir='ltr'>esse</span> <span class='ocrx_word' id='word_1_190' title='bbox 868 2762 1089 2822; x_wconf 85' lang='lat' dir='ltr'>Messiae</span> <span class='ocrx_word' id='word_1_191' title='bbox 1132 2759 1619 2843; x_wconf 74' lang='lat' dir='ltr'>promissionem,</span> <span class='ocrx_word' id='word_1_192' title='bbox 1667 2781 1769 2819; x_wconf 91' lang='lat' dir='ltr'>seu</span> <span class='ocrx_word' id='word_1_193' title='bbox 1806 2781 1941 2818; x_wconf 90' lang='lat' dir='ltr'>cum</span> <span class='ocrx_word' id='word_1_194' title='bbox 1967 2770 2219 2843; x_wconf 77' lang='lat' dir='ltr'>propter</span> <span class='ocrx_word' id='word_1_195' title='bbox 2254 2782 2311 2818; x_wconf 79' lang='lat' dir='ltr'>se</span> <span class='ocrx_word' id='word_1_196' title='bbox 2347 2769 2407 2818; x_wconf 89' lang='lat' dir='ltr'>et</span> 
     </span>
     <span class='ocr_line' id='line_1_26' title="bbox 274 2854 2406 2945; baseline -0.003 -25"><span class='ocrx_word' id='word_1_197' title='bbox 274 2871 527 2945; x_wconf 77' lang='lat' dir='ltr'>propter</span> <span class='ocrx_word' id='word_1_198' title='bbox 554 2861 822 2943; x_wconf 65' lang='lat' dir='ltr'>gloriam</span> <span class='ocrx_word' id='word_1_199' title='bbox 863 2861 1131 2916; x_wconf 74' lang='lat' dir='ltr'>nominis</span> <span class='ocrx_word' id='word_1_200' title='bbox 1170 2859 1274 2919; x_wconf 78' lang='lat' dir='ltr'>sui</span> <span class='ocrx_word' id='word_1_201' title='bbox 1308 2875 1368 2913; x_wconf 91' lang='lat' dir='ltr'>se</span> <span class='ocrx_word' id='word_1_202' title='bbox 1408 2854 1696 2941; x_wconf 89' lang='lat' dir='ltr'>populum</span> <span class='ocrx_word' id='word_1_203' title='bbox 1735 2877 1908 2915; x_wconf 89' lang='lat' dir='ltr'>suum</span> <span class='ocrx_word' id='word_1_204' title='bbox 1958 2856 2406 2940; x_wconf 84' lang='lat' dir='ltr'>redempturum</span> 
     </span>
     <span class='ocr_line' id='line_1_27' title="bbox 270 2945 2406 3043; baseline -0.004 -27"><span class='ocrx_word' id='word_1_205' title='bbox 270 2945 612 3043; x_wconf 62' lang='lat' dir='ltr'>vpromittit7</span> <span class='ocrx_word' id='word_1_206' title='bbox 656 2965 723 3017; x_wconf 87' lang='lat' dir='ltr'>ut</span> <span class='ocrx_word' id='word_1_207' title='bbox 758 2955 831 3013; x_wconf 86' lang='lat' dir='ltr'>Is.</span> <span class='ocrx_word' id='word_1_208' title='bbox 876 2953 975 3012; x_wconf 90' lang='lat' dir='ltr'>LII</span> <span class='ocrx_word' id='word_1_209' title='bbox 998 2999 1013 3028; x_wconf 96' lang='lat'>7</span> <span class='ocrx_word' id='word_1_210' title='bbox 1067 2952 1103 3011; x_wconf 82' lang='grc'><strong>3</strong></span> <span class='ocrx_word' id='word_1_211' title='bbox 1138 2963 1197 3011; x_wconf 90' lang='lat' dir='ltr'>et</span> <span class='ocrx_word' id='word_1_212' title='bbox 1238 2971 1447 3032; x_wconf 81' lang='lat' dir='ltr'>seqq.;</span> <span class='ocrx_word' id='word_1_213' title='bbox 1498 2951 1702 3011; x_wconf 87' lang='lat' dir='ltr'>Ezech.</span> <span class='ocrx_word' id='word_1_214' title='bbox 1741 2951 1971 3010; x_wconf 84' lang='lat' dir='ltr'>XXXVI</span> <span class='ocrx_word' id='word_1_215' title='bbox 1990 2996 2011 3024; x_wconf 83' lang='lat'><em>,</em></span> <span class='ocrx_word' id='word_1_216' title='bbox 2047 2952 2131 3017; x_wconf 75' lang='lat'>22</span> <span class='ocrx_word' id='word_1_217' title='bbox 2172 2962 2231 3010; x_wconf 92' lang='lat' dir='ltr'>et</span> <span class='ocrx_word' id='word_1_218' title='bbox 2268 2949 2406 3009; x_wconf 90' lang='lat' dir='ltr'>alibi</span> 
     </span>
     <span class='ocr_line' id='line_1_28' title="bbox 281 3046 2406 3135; baseline -0.003 -23"><span class='ocrx_word' id='word_1_219' title='bbox 281 3053 535 3135; x_wconf 89' lang='lat' dir='ltr'>passim:,</span> <span class='ocrx_word' id='word_1_220' title='bbox 566 3051 710 3111; x_wconf 89' lang='lat' dir='ltr'>item</span> <span class='ocrx_word' id='word_1_221' title='bbox 735 3050 963 3132; x_wconf 89' lang='lat' dir='ltr'>quoties</span> <span class='ocrx_word' id='word_1_222' title='bbox 988 3047 1246 3108; x_wconf 85' lang='lat' dir='ltr'>declarat</span> <span class='ocrx_word' id='word_1_223' title='bbox 1268 3094 1284 3122; x_wconf 95' lang='lat'>7</span> <span class='ocrx_word' id='word_1_224' title='bbox 1321 3068 1382 3106; x_wconf 93' lang='lat' dir='ltr'>se</span> <span class='ocrx_word' id='word_1_225' title='bbox 1406 3047 1722 3106; x_wconf 91' lang='lat' dir='ltr'>missurum</span> <span class='ocrx_word' id='word_1_226' title='bbox 1750 3048 2021 3113; x_wconf 86' lang='lat' dir='ltr'>Messiam</span> <span class='ocrx_word' id='word_1_227' title='bbox 2044 3047 2119 3106; x_wconf 92' lang='lat' dir='ltr'>ad</span> <span class='ocrx_word' id='word_1_228' title='bbox 2146 3046 2406 3106; x_wconf 86' lang='lat' dir='ltr'>tollenda</span> 
     </span>
     <span class='ocr_line' id='line_1_29' title="bbox 282 3143 2400 3229; baseline -0.004 -23"><span class='ocrx_word' id='word_1_229' title='bbox 282 3147 596 3206; x_wconf 90' lang='lat' dir='ltr'>hominum</span> <span class='ocrx_word' id='word_1_230' title='bbox 619 3157 850 3229; x_wconf 89' lang='lat' dir='ltr'>peccata</span> <span class='ocrx_word' id='word_1_231' title='bbox 871 3191 886 3218; x_wconf 87' lang='lat'>7</span> <span class='ocrx_word' id='word_1_232' title='bbox 915 3143 1225 3205; x_wconf 87' lang='lat' dir='ltr'>delendam</span> <span class='ocrx_word' id='word_1_233' title='bbox 1242 3144 1612 3225; x_wconf 88' lang='lat' dir='ltr'>iniquitatem</span> <span class='ocrx_word' id='word_1_234' title='bbox 1634 3189 1650 3218; x_wconf 93' lang='lat'>7</span> <span class='ocrx_word' id='word_1_235' title='bbox 1680 3154 1786 3202; x_wconf 90' lang='lat' dir='ltr'>etc.</span> <span class='ocrx_word' id='word_1_236' title='bbox 1812 3155 1879 3202; x_wconf 93' lang='lat' dir='ltr'>ut</span> <span class='ocrx_word' id='word_1_237' title='bbox 1903 3145 1975 3202; x_wconf 83' lang='lat' dir='ltr'>Is.</span> <span class='ocrx_word' id='word_1_238' title='bbox 2011 3144 2139 3207; x_wconf 85' lang='lat' dir='ltr'>LIII</span> <span class='ocrx_word' id='word_1_239' title='bbox 2169 3154 2229 3201; x_wconf 88' lang='lat' dir='ltr'>et</span> <span class='ocrx_word' id='word_1_240' title='bbox 2251 3143 2400 3201; x_wconf 88' lang='lat' dir='ltr'>Dan.</span> 
     </span>
     <span class='ocr_line' id='line_1_30' title="bbox 287 3237 2408 3325; baseline -0.004 -23"><span class='ocrx_word' id='word_1_241' title='bbox 287 3245 368 3307; x_wconf 87' lang='lat' dir='ltr'>IX</span> <span class='ocrx_word' id='word_1_242' title='bbox 393 3269 409 3318; x_wconf 70' lang='grc' dir='ltr'><strong>ς</strong></span> <span class='ocrx_word' id='word_1_243' title='bbox 448 3255 515 3301; x_wconf 92' lang='lat' dir='ltr'>ut</span> <span class='ocrx_word' id='word_1_244' title='bbox 550 3242 658 3302; x_wconf 90' lang='lat' dir='ltr'>alia</span> <span class='ocrx_word' id='word_1_245' title='bbox 686 3240 1115 3325; x_wconf 87' lang='lat' dir='ltr'>quamplurima</span> <span class='ocrx_word' id='word_1_246' title='bbox 1142 3249 1490 3321; x_wconf 72' lang='lat' dir='ltr'>praeteream</span> <span class='ocrx_word' id='word_1_247' title='bbox 1523 3284 1538 3312; x_wconf 89' lang='lat'>7</span> <span class='ocrx_word' id='word_1_248' title='bbox 1574 3260 1704 3320; x_wconf 85' lang='lat' dir='ltr'>quae</span> <span class='ocrx_word' id='word_1_249' title='bbox 1728 3237 2167 3301; x_wconf 80' lang='lat' dir='ltr'>evidentissime</span> <span class='ocrx_word' id='word_1_250' title='bbox 2198 3258 2408 3318; x_wconf 86' lang='lat' dir='ltr'>quam-</span> 
     </span>
    </p>
   </div>
   <div class='ocr_carea' id='block_1_6' title="bbox 291 3425 2410 3747">
    <p class='ocr_par' dir='ltr' id='par_1_9' title="bbox 291 3425 2410 3661">
     <span class='ocr_line' id='line_1_31' title="bbox 360 3425 2410 3514; baseline -0.003 -34"><span class='ocrx_word' id='word_1_251' title='bbox 360 3433 422 3498; x_wconf 89' lang='lat'>(1)</span> <span class='ocrx_word' id='word_1_252' title='bbox 459 3432 559 3482; x_wconf 79' lang='lat' dir='ltr'>cfr.</span> <span class='ocrx_word' id='word_1_253' title='bbox 601 3431 847 3494; x_wconf 83' lang='lat' dir='ltr'>Sanctius,</span> <span class='ocrx_word' id='word_1_254' title='bbox 875 3432 1063 3482; x_wconf 83' lang='lat' dir='ltr'>Cornel.</span> <span class='ocrx_word' id='word_1_255' title='bbox 1098 3450 1123 3480; x_wconf 89' lang='lat' dir='ltr'>a</span> <span class='ocrx_word' id='word_1_256' title='bbox 1148 3428 1301 3496; x_wconf 79' lang='lat' dir='ltr'>lapide</span> <span class='ocrx_word' id='word_1_257' title='bbox 1385 3430 1560 3514; x_wconf 62' lang='grc' dir='ltr'>ἾΠ-Π]</span> <span class='ocrx_word' id='word_1_258' title='bbox 1588 3428 1840 3490; x_wconf 63' lang='lat' dir='ltr'>neo-mach,</span> <span class='ocrx_word' id='word_1_259' title='bbox 1905 3429 2089 3477; x_wconf 84' lang='lat' dir='ltr'>Daniel.</span> <span class='ocrx_word' id='word_1_260' title='bbox 2160 3446 2205 3475; x_wconf 75' lang='lat' dir='ltr'>ix</span> <span class='ocrx_word' id='word_1_261' title='bbox 2229 3465 2242 3488; x_wconf 84' lang='lat'>7</span> <span class='ocrx_word' id='word_1_262' title='bbox 2311 3425 2410 3491; x_wconf 66' lang='lat'>24,</span> 
     </span>
     <span class='ocr_line' id='line_1_32' title="bbox 295 3503 1462 3577; baseline -0.003 -12"><span class='ocrx_word' id='word_1_263' title='bbox 295 3519 346 3565; x_wconf 90' lang='lat' dir='ltr'>in</span> <span class='ocrx_word' id='word_1_264' title='bbox 383 3517 514 3566; x_wconf 76' lang='lat' dir='ltr'>hunc</span> <span class='ocrx_word' id='word_1_265' title='bbox 550 3516 667 3577; x_wconf 60' lang='lat' dir='ltr'>loc„</span> <span class='ocrx_word' id='word_1_266' title='bbox 721 3515 883 3565; x_wconf 80' lang='lat' dir='ltr'>critici</span> <span class='ocrx_word' id='word_1_267' title='bbox 924 3518 1038 3565; x_wconf 86' lang='lat' dir='ltr'>sacri</span> <span class='ocrx_word' id='word_1_268' title='bbox 1059 3552 1073 3576; x_wconf 83' lang='lat'>7</span> <span class='ocrx_word' id='word_1_269' title='bbox 1124 3514 1305 3563; x_wconf 83' lang='lat' dir='ltr'>Rosen-</span> <span class='ocrx_word' id='word_1_270' title='bbox 1436 3503 1462 3514; x_wconf 65' lang='grc'>’”</span> 
     </span>
     <span class='ocr_line' id='line_1_33' title="bbox 291 3587 1226 3661; baseline 0.006 -14"><span class='ocrx_word' id='word_1_271' title='bbox 291 3599 491 3661; x_wconf 60' lang='lat' dir='ltr'>mullet,</span> <span class='ocrx_word' id='word_1_272' title='bbox 522 3610 611 3650; x_wconf 75' lang='lat' dir='ltr'>eto.</span> <span class='ocrx_word' id='word_1_273' title='bbox 1224 3587 1226 3589; x_wconf 21' lang='grc' dir='ltr'>Ι</span> 
     </span>
    </p>

    <p class='ocr_par' dir='ltr' id='par_1_10' title="bbox 356 3682 1309 3747">
     <span class='ocr_line' id='line_1_34' title="bbox 356 3682 1309 3747; baseline 0.001 -15"><span class='ocrx_word' id='word_1_274' title='bbox 356 3682 428 3747; x_wconf 82' lang='lat'>(2)</span> <span class='ocrx_word' id='word_1_275' title='bbox 466 3683 626 3734; x_wconf 74' lang='lat' dir='ltr'>Talem</span> <span class='ocrx_word' id='word_1_276' title='bbox 661 3701 761 3733; x_wconf 68' lang='lat' dir='ltr'>esse</span> <span class='ocrx_word' id='word_1_277' title='bbox 800 3685 891 3732; x_wconf 83' lang='lat' dir='ltr'>vim</span> <span class='ocrx_word' id='word_1_278' title='bbox 926 3683 1151 3733; x_wconf 77' lang='lat' dir='ltr'>hebraicae</span> <span class='ocrx_word' id='word_1_279' title='bbox 1188 3685 1309 3733; x_wconf 73' lang='lat' dir='ltr'>vocis</span> 
     </span>
    </p>
   </div>
   <div class='ocr_carea' id='block_1_7' title="bbox 1385 3559 2413 3706">
    <p class='ocr_par' dir='ltr' id='par_1_11' title="bbox 1385 3559 2413 3706">
     <span class='ocr_line' id='line_1_35' title="bbox 1385 3559 2410 3629; baseline -0.001 -22"><span class='ocrx_word' id='word_1_280' title='bbox 1385 3560 1624 3629; x_wconf 72' lang='lat' dir='ltr'>definita,</span> <span class='ocrx_word' id='word_1_281' title='bbox 1654 3560 1814 3611; x_wconf 80' lang='lat' dir='ltr'>decisa</span> <span class='ocrx_word' id='word_1_282' title='bbox 1835 3598 1846 3620; x_wconf 88' lang='lat'>7</span> <span class='ocrx_word' id='word_1_283' title='bbox 1880 3559 2067 3613; x_wconf 80' lang='lat' dir='ltr'>decreta</span> <span class='ocrx_word' id='word_1_284' title='bbox 2085 3598 2098 3621; x_wconf 85' lang='lat'>7</span> <span class='ocrx_word' id='word_1_285' title='bbox 2128 3570 2218 3609; x_wconf 27' lang='lat' dir='ltr'>eto..</span> <span class='ocrx_word' id='word_1_286' title='bbox 2246 3575 2410 3611; x_wconf 81' lang='lat' dir='ltr'>omnes</span> 
     </span>
     <span class='ocr_line' id='line_1_36' title="bbox 1391 3642 2413 3706; baseline -0.005 -14"><span class='ocrx_word' id='word_1_287' title='bbox 1391 3644 1674 3706; x_wconf 80' lang='lat' dir='ltr'>admittunt,</span> <span class='ocrx_word' id='word_1_288' title='bbox 1715 3655 1766 3692; x_wconf 79' lang='lat' dir='ltr'>ut</span> <span class='ocrx_word' id='word_1_289' title='bbox 1801 3661 1854 3691; x_wconf 79' lang='lat' dir='ltr'>ex</span> <span class='ocrx_word' id='word_1_290' title='bbox 1891 3643 2098 3692; x_wconf 79' lang='lat' dir='ltr'>dicendis</span> <span class='ocrx_word' id='word_1_291' title='bbox 2129 3642 2413 3694; x_wconf 76' lang='lat' dir='ltr'>luculentius</span> 
     </span>
    </p>
   </div>
   <div class='ocr_carea' id='block_1_8' title="bbox 1394 3724 1580 3791">
    <p class='ocr_par' dir='ltr' id='par_1_12' title="bbox 1394 3724 1580 3791">
     <span class='ocr_line' id='line_1_37' title="bbox 1394 3724 1580 3791; baseline -0.016 -16"><span class='ocrx_word' id='word_1_292' title='bbox 1394 3724 1580 3791; x_wconf 73' lang='lat' dir='ltr'>patebit.</span> 
     </span>
    </p>
   </div>
  </div>
 </body>
</html>
