2534 4088
267 209 423 249 mar.
457 210 494 245 1.
526 206 648 244 cn.
693 205 757 241 11.
810 205 876 239 »Β
920 201 1073 239 aroc.
1123 202 1188 237 Er
1233 199 1406 237 orric.
1452 197 1621 235 raom,
1672 196 1897 233 messim..
2047 175 2119 232 81

840 394 1324 439 DIFFICULTA'I'ES.

118 571 251 631 132.
297 567 428 646 Obj.
459 566 666 648 prima.
701 561 944 623 Nullum
966 561 1029 619 in
1058 559 1260 642 primis
1291 568 1378 616 est
1401 567 1809 635 argumentum
1828 603 1844 632 ,
1869 559 2028 639 quod
2052 579 2125 619 ex

33 665 326 728 Malachiae
348 660 622 724 vaticinio
649 657 988 729 deducitur3
1013 657 1074 713 1ο
1099 651 1387 735 siquidem
1412 649 1572 708 nulla
1596 651 1704 710 alia
1726 652 1950 713 ratione
1975 657 2129 714 Deus

34 779 324 841 maynum
358 777 572 814 nomen
593 775 772 812 suum
796 757 866 810 in
889 751 1168 831 qentihus
1189 767 1309 806 esse
1332 743 1470 803 dicit
1487 789 1501 818 ,
1534 767 1710 825 quam
1747 747 1903 828 quod
1929 761 2129 828 gentes

33 875 233 913 omnes
262 862 473 933 praeter
505 849 640 907 deos
677 869 808 905 suos
869 841 1208 925 supremum
1247 841 1437 897 Deum
1484 837 1676 896 colant
1706 884 1721 911 ‚
1772 842 1874 921 qui
1914 854 2002 902 est
2042 847 2129 902 13-

34 947 369 1008 raelitarum
408 947 560 1002 Deus
585 987 600 1016 a
645 951 820 1023 prout
856 945 1160 1018 exponunt
1208 935 1273 991 R.
1307 932 1580 991 Salomon
1613 933 1811 991 Jarchi
1845 957 1908 994 ac
1944 939 2133 999 David

38 1041 310 1113 Kimchi3
352 1038 448 1100 vel
491 1037 671 1097 etiami
695 1037 777 1110 seo
827 1030 1019 1112 quod,
1060 1039 1127 1086 ut
1161 1027 1452 1087 existimat
1487 1025 1815 1089 Aben-Ezra
1838 1074 1853 1102 ‚
1893 1031 1940 1088 si
1981 1034 2134 1093 Deus

36 1147 235 1215 gentes
258 1133 521 1212 jussisset
548 1129 753 1188 offerre
784 1124 893 1184 sibi
921 1144 1134 1183 munus
1164 1132 1264 1180 aut
1299 1121 1640 1209 sacrificium
1670 1167 1684 1194 ‚
1729 1121 1874 1182 illud
1920 1147 2137 1206 purum

38 1241 97 1288 et
122 1228 465 1309 exquisitum
501 1223 780 1282 offerrent
806 1265 822 1293 ,
865 1219 1108 1277 minime
1134 1238 1274 1277 vero
1302 1216 1518 1274 hostias
1555 1216 1788 1275 mutilas
1826 1239 1889 1277 ac
1917 1213 2137 1301 langui-

40 1323 141 1382 das
162 1368 179 1396 ‚
202 1319 395 1403 quales
409 1316 597 1388 Jludaei
623 1312 946 1373 offerebant
966 1338 982 1387 ε,
1009 1312 1103 1372 vel
1126 1311 1378 1391 denique
1400 1310 1534 1391 quia
1548 1311 1985 1389 jucundissimae
2011 1319 2133 1378 Deo

39 1426 175 1475 sunt
200 1433 395 1495 preces
447 1422 506 1470 et
530 1408 729 1468 laudes
752 1454 767 1483 a
793 1406 1002 1490 quibus
1038 1408 1073 1466 J
1079 1406 1226 1465 udaei
1259 1407 1414 1464 inter
1467 1417 1666 1485 gentes
1706 1424 2132 1474 commorantes

39 1512 228 1593 ipsum
242 1518 621 1569 venerantur.
636 1507 704 1562 2⁰
716 1505 864 1563 Sane
886 1549 902 1578 a
922 1504 1196 1585 inquiunt
1215 1547 1231 1577 .,
1257 1501 1549 1584 quomodo
1574 1505 1819 1562 mosaica
1837 1508 2132 1585 sacrificia,

37 1626 101 1663 ac
122 1602 366 1685 proinde
405 1601 592 1680 legem
620 1611 680 1659 et
717 1597 1103 1658 sacerdotium
1130 1596 1460 1676 abroganda
1491 1619 1614 1657 esse
1646 1599 1986 1661 affirmasset
2006 1626 2137 1684 pro-

35 1698 209 1780 pheta
228 1742 244 1771 ,
282 1697 384 1779 qui
404 1742 419 1771 ,
469 1718 594 1777 cap.
646 1698 724 1752 III
756 1740 771 1767 .,
812 1694 881 1767 4,
934 1693 1006 1752 de
1053 1693 1267 1752 Levitis
1316 1693 1397 1749 ait
1446 1714 1458 1749 ε
1505 1693 1591 1751 Ec
1644 1705 1831 1752 erunt
1875 1698 2136 1759 Domino

34 1794 326 1871 offerentes
366 1793 667 1869 sacrificia
704 1791 1056 1867 injustitia.
1090 1788 1148 1846 E
1152 1799 1175 1844 t
1193 1787 1460 1866 placebit
1482 1788 1742 1845 Domino
1766 1792 2137 1870 sacm'ficz‘um

34 1889 205 1946 Juda
231 1898 285 1945 et
316 1887 652 1946 Jerusalem
673 1929 688 1959 ,
720 1889 880 1942 sicut
909 1885 1033 1941 dies
1059 1883 1270 1956 seculi,
1307 1893 1362 1940 et
1394 1886 1552 1940 sicut
1578 1887 1738 1960 anni
1763 1890 2040 1965 antiquz'3
2071 1909 2137 1948 ac

37 1980 296 2057 demum,
316 2003 440 2062 cap.
469 1982 562 2053 IV,
581 1979 641 2054 47
659 1980 691 2038 J
696 1978 888 2037 udaeos
910 1977 1209 2058 alloquens
1230 1978 1597 2036 :Mementote
1616 2022 1632 2051 ,
1655 1979 1766 2050 ait,
1783 1981 1926 2060 Zeyis
1941 1983 2143 2063 Moysi

39 2077 192 2134 servi
215 2081 331 2135 mei
348 2122 363 2152 7
389 2097 576 2155 quam
601 2070 898 2133 mandavi
920 2083 972 2131 et
1003 2078 1072 2130 in
1111 2071 1313 2149 Horeb
1340 2073 1426 2129 ad
1443 2093 1676 2141 omnem
1709 2074 1940 2147 Israel,
1966 2098 2136 2155 prce-

38 2181 203 2249 cepta
226 2182 278 2229 et
300 2172 569 2249 judicia.
610 2171 763 2230 Ecce
790 2191 886 2249 e90
912 2171 1150 2227 mittam
1178 2168 1340 2225 vobis
1362 2168 1573 2226 Elz‘am
1592 2174 1944 2246 prophetam
1974 2215 1990 2245 ,
2019 2194 2138 2231 an-

39 2275 274 2343 tequam
316 2270 515 2323 vem'at
551 2266 675 2323 dies
716 2266 973 2323 Domini
1007 2284 1266 2342 maqnus
1308 2273 1364 2320 ec
1401 2263 1714 2321 horribilis
1736 2263 1765 2321 P
1804 2265 1968 2342 Erg0.

126 2369 261 2430 133.
306 2373 477 2452 Resp.
520 2371 669 2450 Ney.
713 2382 901 2428 antec.
952 2369 1040 2429 Ad
1086 2371 1165 2428 1ιιι
1206 2368 1434 2451 probat.
1478 2392 1578 2429 seu
1606 2370 2004 2433 Rabbinorum
2033 2398 2139 2437 ex-

39 2466 375 2547 positiones7
399 2466 667 2538 dicimus.¹¹
696 2485 788 2523 eas
813 2485 1048 2544 prorsus
1077 2463 1305 2523 excludi
1319 2486 1424 2545 per
1440 2465 1774 2524 antithesim
1797 2490 1828 2526 a
1848 2470 2134 2551 propheta

40 2559 369 2617 institutam
391 2560 544 2617 inter
567 2559 835 2617 sacrificia
862 2558 1104 2617 Mosaica
1122 2569 1180 2616 et
1196 2559 1536 2616 sacrificium
1564 2558 1710 2618 illud
1729 2606 1744 2635 ,
1765 2563 1920 2642 quod
1938 2564 2139 2625 divino

42 2654 279 2713 Numini
302 2652 662 2712 offerendum
697 2652 1029 2734 praedicitur
1055 2653 1208 2711 inter
1241 2664 1440 2730 gentes
1458 2698 1473 2726 ,
1500 2665 1566 2711 ut
1597 2675 1667 2713 ex
1694 2655 2137 2736 probationibus

43 2759 286 2806 constat.
320 2749 449 2808 Dixi
458 2750 857 2828 praedicatam,
886 2758 1100 2805 notum'
1121 2747 1280 2805 enim
1307 2759 1416 2822 est7
1446 2770 1567 2807 non
1584 2769 1705 2807 esse
1726 2749 1986 2811 locutum
2013 2775 2141 2835 pro-

42 2841 279 2923 phetam
302 2844 365 2901 in
392 2844 664 2924 praesenti
691 2855 952 2927 tempore
970 2887 984 2914 ,
1006 2863 1120 2922 quo
1147 2842 1432 2902 universae
1459 2854 1658 2921 gentes
1679 2889 1694 2917 ,
1726 2855 1929 2925 utpote
1952 2847 2141 2908 idolo-

46 2935 229 2995 latriae
270 2937 549 3012 addictae⁷
600 2959 721 2995 non
749 2935 1136 2995 immolabant
1187 2936 1450 2996 victimas
1507 2959 1637 2996 suas
1687 2939 1799 2997 nisi
1836 2940 2003 3000 idolis
2039 2964 2142 3002 seu

44 3031 384 3106 doemoniis,
429 3043 495 3089 ut
532 3033 656 3113 ipsa
709 3031 1002 3112 Scriptura
1065 3029 1204 3088 alibi
1246 3041 1493 3089 testatur
1527 3057 1543 3105 ς
1595 3053 1660 3091 ac
1713 3044 2022 3115 propterea
2065 3035 2142 3096 de

40 3121 234 3183 futuro
258 3137 519 3206 tempore
545 3125 865 3185 necessario
891 3124 1223 3185 vaticinium
1256 3125 1657 3207 accipiendum
1681 3138 1786 3186 est.

130 3231 262 3290 134.
310 3235 391 3291 Ex
420 3255 531 3315 qua
577 3232 831 3313 generali
871 3233 1376 3293 animadversione
1423 3245 1620 3314 patet,
1666 3234 1981 3295 absurdam
2017 3258 2142 3300 esse

47 3325 297 3406 primam
319 3330 739 3411 expositionem
761 3373 776 3402 ,
806 3328 938 3388 ideo
979 3349 1194 3410 nempe
1233 3350 1518 3414 magnum·
1555 3350 1677 3388 esse
1706 3331 1812 3390 Dei
1839 3354 2057 3393 nomen
2078 3335 2142 3392 in

50 3419 340 3502 gentibus,
371 3423 527 3504 quod
549 3425 688 3505 ipsae
718 3445 834 3482 una
855 3445 989 3482 cum
1010 3422 1178 3482 idolis
1195 3444 1260 3482 ac
1282 3423 1436 3482 falsis
1453 3423 1558 3481 diis
1582 3424 1927 3507 supremum
1954 3431 2144 3487 Deum

48 3511 269 3586 colant;
294 3535 423 3575 cum
451 3521 602 3577 Deus
629 3538 777 3600 saepe
807 3516 951 3576 adeo
989 3539 1048 3577 se
1082 3517 1327 3578 zelotem
1351 3512 1640 3599 profesSus
1668 3519 1844 3579 fuerit
1873 3566 1891 3595 ‚
1920 3543 1984 3580 ac
2014 3543 2144 3603 pas-

50 3605 159 3664 sim
174 3606 377 3667 decem
401 3610 604 3671 Tribus
621 3612 934 3694 impietatis
957 3611 1414 3695 arguerit‚'quod
1428 3623 1740 3695 utrumque
1763 3614 1984 3676 cultum
2004 3637 2145 3676 con-

213 3715 258 3772 T
299 3717 394 3775 IV.
1866 3723 1902 3780 6
