2534 4088
301 220 377 278 ,44
972 238 1165 276 rRACT.
1215 240 1281 276 nn
1325 237 1757 281 memmimus.

380 383 478 443 80.
524 381 615 442 Ad
648 382 730 440 2¹¹¹
751 426 767 455 ‚
797 382 955 440 Dist.
1000 381 1122 439 Vox
1151 383 1370 442 sceveth
1393 383 1687 445 interdum
1725 384 1946 467 virgam
1984 384 2301 446 afflictionis
2323 389 2403 447 si-

299 479 567 561 gnificare
595 486 787 559 potest
808 495 941 534 cum
964 474 1619 557 epithetoafflictionem
1659 480 2018 561 significante
2037 528 2052 556 ,
2077 502 2266 556 conc-3
2297 504 2403 564 per

298 597 360 634 se
388 575 451 633 in
473 595 580 632 usu
602 569 849 642 biblicoq
881 581 980 629 aut
1006 571 1213 631 saltem
1240 572 1303 630 in
1325 593 1457 631 casu
1475 585 1680 634 *nostro
1707 622 1722 652 ‚
1753 598 1884 656 neq.
1921 578 2085 636 Hanc
2116 578 2275 637 enim
2298 577 2404 636 hu-

290 673 385 748 jus
406 669 558 730 vocis
581 666 1058 746 significationem
1075 666 1330 727 excludit
1352 667 1600 727 alterum
1625 671 1661 728 J
1664 669 1875 730 acobaei
1890 672 2157 732 vaticinii
2185 672 2404 731 hemis-

301 763 546 822 tichium
566 806 582 836 ,
607 762 670 819 in
705 783 820 843 quo
857 762 986 823 voci
1012 764 1229 822 scevetlz
1259 763 1381 823 sive
1421 774 1643 842 sceptro
1669 766 2003 846 opponitur
2023 788 2136 828 vox
2178 769 2404 848 legisla-

297 870 390 917 tor
405 857 525 919 sive
542 858 706 932 duat„
733 866 910 939 prout
915 861 1041 935 jam
1058 857 1578 919 animadvertimus
1596 883 1612 933 ς
1644 880 1774 919 eam
1790 871 2068 941 praeterea
2086 862 2403 923 excludunt

302 963 492 1012 cetera
551 952 810 1011 vaticinii
865 952 1138 1030 adjuncta
1160 999 1175 1028 7
1234 952 1442 1035 quibus
1494 953 1955 1035 deprehenditur
1992 956 2172 1016 Jacob
2210 958 2404 1017 omnia

295 1048 480 1107 fausta
498 1047 747 1106 ominari
784 1049 820 1107 J
824 1048 982 1123 udaeg
1023 1047 1284 1130 explodit
1312 1048 1564 1130 denique
1588 1049 1825 1109 historia
1848 1096 1863 1126 .,
1891 1072 1964 1110 ex
1991 1048 2104 1133 qua
2135 1064 2399 1128 constat,

292 1137 400 1226 per
432 1142 632 1202 decem
658 1143 863 1203 saltem
890 1143 1079 1204 secula
1107 1143 1580 1204 florentissimam
1604 1145 1828 1205 stetisse
1849 1146 2142 1225 judaicam
2173 1169 2404 1230 rempu-

292 1238 506 1298 blicam
528 1285 542 1314 7
573 1260 682 1299 nec
714 1240 1050 1322 quempiam
1087 1240 1441 1321 suspicatum
1468 1239 1703 1321 quidem
1747 1262 1869 1300 esse
1903 1247 2042 1320 jugo
2082 1242 2403 1303 afflictionis

293 1335 522 1393 Judaeos
561 1335 751 1416 premi
769 1380 784 1408 ,
835 1346 1010 1418 prout
1055 1335 1387 1414 contingere
1432 1333 1726 1396 debuisset
1774 1341 1941 1415 juxta
1983 1357 2205 1399 novum
2249 1337 2406 1396 istud

293 1428 694 1489 Rabbinorum
737 1429 1035 1510 effugium.

374 1525 476 1583 81.
523 1523 653 1603 Obj.
683 1525 875 1584 tertia.
919 1526 1054 1584 Esto
1074 1571 1089 1600 7
1120 1522 1453 1585 Jacobaeum
1485 1526 1824 1587 vaticinium
1847 1540 1976 1589 tum
2011 1529 2305 1611 pertinere
2331 1528 2406 1587 ad

295 1620 601 1695 Messiam3
651 1631 780 1679 tum
828 1619 1056 1679 definiri
1085 1642 1191 1702 per
1233 1620 1382 1680 illud
1419 1621 1702 1703 epocham
1745 1623 1923 1704 ipsius
1975 1623 2295 1697 adventus3
2345 1633 2407 1682 at

293 1714 443 1774 illud
481 1715 748 1774 nondum
790 1714 1148 1798 completum
1191 1737 1349 1791 esse,
1386 1715 1555 1797 plura
1595 1716 1864 1777 suadent.
1909 1720 1988 1778 Ac
2028 1719 2089 1776 10
2139 1717 2407 1777 nondum

294 1809 556 1869 ablatum
582 1822 669 1869 est
706 1821 998 1893 sceptrum
1035 1831 1064 1869 a
1090 1812 1126 1870 J
1132 1809 1242 1869 uda
1266 1856 1280 1885 ,
1321 1810 1607 1892 siquidem
1635 1811 2044 1873 florentissima
2086 1813 2276 1873 adhuc
2307 1814 2407 1874 vi-

294 1917 433 1986 gent
488 1908 524 1965 J
529 1906 825 1967 udaeorum
874 1928 1051 1987 regna
1101 1908 1164 1964 in
1217 1906 1478 1966 America
1499 1953 1516 1982 .,
1569 1908 1698 1967 Asia
1720 1954 1735 1981 ‚
1793 1909 2083 1991 AEthiopia
2105 1955 2120 1983 .,
2171 1908 2410 1989 aliisque

295 2001 672 2061 orientalibus
713 2002 915 2083 plagis.
963 2003 1111 2061 Sane
1148 2003 1214 2060 R.
1240 2002 1543 2079 Benjamin
1583 2001 1918 2062 Tudelensis
1952 2004 2014 2062 in
2050 2003 2286 2062 historia
2309 2024 2410 2061 seu

295 2097 578 2158 relatione
594 2097 817 2156 itineris
849 2097 958 2173 sui„
987 2118 1101 2156 seo.
1125 2097 1231 2155 XII
1255 2097 1603 2178 conscripta,
1631 2095 1799 2178 plura
1830 2097 2031 2157 retulit
2053 2098 2125 2157 de
2155 2097 2411 2180 quodam

292 2188 742 2273 Ἀιχμαλωτάρχῳ,
777 2215 877 2252 seu
903 2192 1254 2274 captivitatis
1284 2192 1547 2274 principe
1569 2237 1584 2266 7
1614 2213 1645 2251 e
1669 2191 1829 2250 tribu
1855 2193 1890 2251 J
1896 2191 2283 2254 udaoriundo
2304 2238 2320 2267 ,
2347 2193 2409 2251 in

296 2290 428 2349 Asia
451 2289 811 2371 imperante3
844 2288 1000 2370 apud
1026 2308 1200 2369 quem
1224 2287 1478 2345 infinitas
1504 2308 1625 2346 esse
1663 2289 1698 2346 J
1704 2287 2002 2347 udaeorum
2036 2289 2226 2370 copias
2250 2287 2409 2346 affir-

296 2396 421 2444 mat
439 2431 454 2460 ‚
477 2386 595 2444 suis
619 2382 839 2464 legibus
872 2393 1136 2458 utenteS‚
1166 2403 1362 2441 rerum
1392 2382 1656 2440 omnium
1687 2381 1954 2443 ubertate
1980 2383 2278 2443 affluentes
2303 2426 2318 2456 ,
2350 2392 2409 2440 et

296 2593 403 2624 nem
419 2613 432 2636 ‚
459 2593 555 2624 non
573 2585 728 2624 autem
756 2577 1007 2624 terminum
1034 2574 1305 2640 significari3

297 2658 423 2723 quod
462 2675 515 2706 ex
557 2659 689 2706 dictis
731 2658 900 2706 falsum
938 2668 1034 2720 est3
1086 2665 1140 2704 2⁰
1181 2656 1306 2722 quod

298 2741 448 2786 omnis
476 2739 661 2803 epocbae
684 2739 1006 2787 determinatio
1028 2756 1110 2804 pro
1132 2737 1307 2785 Messiae

298 2820 498 2868 adventu
540 2821 725 2868 tollatur
750 2836 764 2882 3
808 2838 994 2868 omnem
1039 2822 1165 2867 enim
1212 2822 1306 2867 vim

298 2902 512 2951 adversus
542 2901 762 2950 Hebraeos
789 2902 1028 2950 oraculum
1055 2903 1223 2948 amittit
1250 2901 1307 2948 ad

298 3002 374 3033 eos
399 2986 767 3050 perstringendos
786 3021 799 3044 ‚
837 2995 890 3033 ut
922 2993 1045 3049 patet
1079 3001 1133 3031 ex
1166 2985 1307 3030 inter-

298 3069 547 3132 pretatione
583 3066 641 3114 R.
682 3065 947 3114 Aben-Esra
974 3101 989 3128 ‚
1029 3083 1170 3131 quam
1212 3066 1308 3128 ipsc

297 3149 458 3197 laudat
482 3159 525 3197 et
544 3148 794 3213 approbat3
815 3148 866 3195 3⁰
884 3165 1035 3214 neque
1051 3147 1307 3212 spernenda

300 3240 368 3280 est
392 3231 725 3279 animadversio
752 3230 981 3296 Deylingii
1001 3267 1013 3288 ‚
1050 3247 1191 3295 quam
1221 3228 1309 3276 sibi

300 3312 645 3379 Hengstenberg
670 3316 859 3378 opponit
876 3332 929 3362 ex
962 3312 1080 3360 Obs.
1099 3328 1220 3360 sacr.
1245 3328 1307 3371 11,

300 3413 404 3462 pag.
430 3393 494 3443 83
518 3413 531 3444 :
553 3395 849 3444 Patriarcha
875 3395 1086 3460 loquitur
1102 3395 1157 3442 de
1178 3411 1309 3459 scep-

300 3490 371 3528 tro
385 3477 637 3544 temporali
646 3494 667 3538 ‚⁶
687 3478 885 3526 ,Messiae
900 3486 1059 3526 autem
1076 3484 1311 3542 sceptrum

301 3571 346 3610 et
382 3580 583 3628 reqnwm
600 3599 617 3625 ‚
661 3562 787 3627 quod
827 3563 882 3609 in
923 3570 1161 3610 terrarum
1205 3559 1313 3607 orbe

302 3648 614 3694 constitutum
653 3643 791 3693 habet
807 3678 823 3703 ,
868 3642 1118 3709 spirituale
1161 3650 1226 3688 est
1270 3649 1314 3688 et

304 3729 556 3793 mysticum
566 3749 584 3785 ‚·
598 3730 752 3791 ἐρίων
763 3724 955 3776 Messioe
972 3741 1173 3789 reqnum
1192 3740 1315 3788 spec-

1394 2575 1494 2622 tari
1508 2577 1676 2640 nequit
1689 2583 1743 2623 ut
1755 2577 2051 2623 continuatio
2067 2577 2206 2641 requi
2218 2584 2263 2623 et
2277 2591 2410 2640 scep-

1393 2658 1460 2704 tri
1494 2655 1641 2703 Judoe
1660 2673 1682 2716 ;
1726 2657 1798 2707 vel
1833 2659 1869 2704 si
1906 2657 2090 2722 placet,
2124 2666 2177 2706 ut
2215 2657 2406 2705 inferius

1394 2737 1763 2799 declarabimus,
1806 2742 1999 2804 spectari
2038 2739 2175 2788 debet
2217 2741 2405 2788 cessatio

1393 2823 1556 2886 sceptri
1583 2820 1843 2885 temporalis
1862 2819 1992 2869 Judae
2006 2832 2212 2887 respectu
2242 2823 2406 2886 sceptri

1393 2915 1439 2952 et
1464 2905 1591 2968 regni
1620 2902 1858 2962 Messiani‚
1880 2910 1932 2951 ut
1956 2907 2139 2953 cessatio
2165 2906 2217 2953 in
2244 2904 2405 2952 ordine

1395 2987 1454 3034 ad
1482 2985 1667 3034 alterius
1696 2989 1823 3051 regni
1858 2986 2252 3035 substitutionem.
2285 2984 2406 3033 Illud

1395 3070 1565 3117 interea
1596 3070 1734 3115 statui
1762 3071 2017 3117 necessario
2036 3066 2174 3116 debet
2189 3105 2201 3127 ‚
2223 3069 2404 3132 signum

1396 3150 1584 3216 aliquod
1610 3150 1816 3198 exbiberi
1839 3150 2052 3199 Jacobaeo
2072 3151 2289 3199 vaticinio
2308 3185 2322 3207 ‚
2353 3166 2406 3197 ex

1396 3251 1489 3300 quo
1526 3232 1731 3298 dignosci
1767 3242 1951 3298 posset,
1987 3232 2211 3296 epocham
2247 3249 2272 3278 a
2306 3247 2407 3278 mo-

1396 3317 1540 3364 riente
1572 3313 1743 3363 Jacobo
1778 3314 2065 3379 designatam
2101 3331 2183 3378 pro
2226 3312 2406 3360 Messiae

1398 3385 1598 3446 adventu
1640 3406 1912 3444 transactam
1958 3413 2070 3444 esse.
2110 3394 2211 3442 Hoc
2256 3404 2407 3442 autem

1399 3481 1578 3545 signum
1601 3495 1696 3526 non
1721 3478 1986 3539 haberetur,
2010 3479 2046 3526 si
2074 3477 2268 3545 ’3⁸⁸'th
2296 3492 2407 3524 con-

1400 3611 1705 3659 tinuationem
1735 3609 2029 3674 significaret.
