2534 4088
311 187 391 245 92
980 207 1175 246 mmor.
1221 208 1290 245 nn
1332 207 1772 250 nmmum-roim.

301 352 441 431 juge
485 350 907 410 documentum
941 346 1227 408 habemus
1249 348 1466 413 divinae
1505 353 1569 412 in
1613 376 1721 414 nos
1756 352 2167 414 misericordioe
2184 397 2206 427 ,
2230 375 2307 415 ac
2335 378 2428 417 se-

307 446 574 506 veritatis
625 456 683 504 et
708 443 922 505 divinae
952 444 1193 522 justitiae
1234 446 1296 503 in
1344 446 1739 530 Judae0s‡(l);
1782 448 2154 509 ineluctabile
2189 449 2429 511 demum

311 539 451 600 inde
491 539 776 599 habemus
824 541 1230 600 testimonium
1268 540 1591 602 divinitatis
1633 544 1927 625 religionis
1943 596 1955 615 ,
1974 545 2305 606 christianae
2329 572 2338 597 ,-
2365 568 2430 606 ac

310 634 527 697 divinae
572 635 946 697 revelationis
982 659 1053 696 ex
1090 638 1215 717 jugi
1260 637 1670 698 vaticiniorum
1708 639 2171 722 adimplemento
2199 686 2215 715 7
2271 641 2430 723 quod

306 729 456 788 nulli
498 729 851 794 cavillationi
889 754 955 792 ac
997 731 1309 792 subtilitati
1352 731 1553 793 subest
1586 733 2022 796 incredulorum
2057 735 2384 796 hominum.

1130 960 1134 963 ·
1167 936 1411 998 CAPUT
1466 939 1568 997 III.

850 1097 918 1134 DE
961 1098 1093 1135 JESU
1137 1098 1435 1135 NAZARENO
1479 1098 1627 1136 VRRO
1670 1098 1887 1137 missu.

392 1264 526 1324 156.
573 1263 631 1325 Si
655 1264 889 1324 Messias
914 1263 1144 1343 jamdiu
1179 1264 1341 1326 venit
1366 1310 1382 1340 7
1409 1264 1568 1347 quod
1591 1264 1892 1349 hucusque
1919 1265 2212 1350 disputata
2238 1269 2428 1330 invic-

306 1361 530 1420 tissime
555 1358 877 1419 ostendunt
908 1405 924 1435 7
951 1359 1250 1442 reliquum
1273 1371 1383 1435 est7
1400 1372 1464 1419 ut
1480 1361 1844 1443 inquiramus
1863 1408 1878 1438 7
1911 1368 2172 1442 quinam
2193 1370 2292 1424 sit.
2320 1366 2428 1425 Hic

303 1467 501 1515 autem
542 1455 687 1515 alius
738 1476 861 1515 esse
900 1455 1107 1537 nequit
1152 1456 1264 1514 nisi
1306 1454 1405 1515 ille
1437 1477 1590 1515 unus
1625 1501 1642 1532 7
1696 1457 1759 1515 in
1803 1479 1980 1539 quem
2028 1470 2158 1518 tum
2193 1459 2428 1543 epochae

300 1552 574 1632 promissi
604 1551 826 1611 Messiae
844 1573 875 1610 a
893 1550 1195 1632 prophetis
1220 1551 1475 1612 definitae
1490 1596 1512 1624 ,
1538 1563 1668 1610 tum
1692 1553 1953 1631 ejusdem
1983 1554 2343 1615 characteres
2369 1564 2430 1615 et

302 1658 459 1706 notae
504 1648 771 1729 apprime
823 1647 1185 1706 conveniunt
1215 1694 1231 1723 7
1277 1658 1407 1707 tum
1450 1647 1704 1729 denique
1747 1650 1848 1731 qui
1890 1650 2076 1710 officia
2118 1672 2184 1710 ac
2226 1650 2427 1710 munia

301 1742 527 1801 Messiae
570 1743 806 1824 propria
851 1741 1055 1802 obivit.
1104 1744 1276 1803 Hunc
1320 1766 1496 1827 porro
1539 1744 1721 1803 alium
1774 1767 1897 1804 non
1939 1768 2063 1807 esse
2094 1792 2109 1822 7
2155 1767 2264 1806 nec
2306 1766 2431 1806 esse

298 1857 471 1919 posse
504 1839 618 1897 nisi
654 1841 858 1898 Jesum
888 1841 1254 1899 Nazarenum
1277 1886 1293 1915 7
1326 1839 1636 1900 ostendere
1675 1842 2067 1923 aggredimur.
2112 1843 2260 1902 Cum
2289 1863 2429 1903 vero

302 1932 551 1992 Orobius
581 1944 640 1994 et
675 1956 808 1994 cum
842 1936 969 2017 ipso
1007 1934 1287 1996 Salvador
1316 1935 1679 1995 contendant
1705 1981 1720 2010 7
1744 1940 1877 2014 jure
1905 1937 2203 1995 Christum
2222 1939 2425 1996 Jesum

300 2042 361 2090 et
408 2052 479 2090 ex
516 2031 656 2111 legis
692 2033 1028 2114 praescripto
1059 2032 1232 2090 fuisse
1264 2031 1473 2090 ultimo
1511 2030 1795 2114 supplicio
1825 2031 2100 2091 affectum
2123 2078 2139 2107 7
2166 2033 2426 2112 cogimur

297 2140 609 2210 propterea
626 2128 843 2187 Christi
858 2150 1043 2188 causae
1061 2126 1340 2188 vindicias
1370 2148 1599 2186 sumere
1620 2174 1636 2203 7
1662 2148 1727 2186 ac
1754 2126 1929 2186 simul
1954 2127 2283 2201 ostendere7
2313 2148 2423 2187 ne—

299 2244 427 2283 cem
460 2223 690 2283 Christo
715 2224 938 2282 illatam
984 2245 1207 2283 novum
1240 2243 1362 2282 esse
1403 2233 1853 2303 argumentum7
1900 2245 2016 2305 quo
2057 2222 2278 2282 Messiae
2309 2244 2420 2282 no-

298 2339 440 2379 men
471 2340 535 2379 ac
569 2319 919 2401 dignitatem
949 2318 1142 2379 eidem
1172 2319 1426 2379 maxime
1463 2330 1795 2401 competere
1836 2319 2143 2379 evincitur.

297 2527 444 2578 quam
460 2511 686 2560 habentes
702 2511 1014 2561 stabilitatem
1032 2548 1046 2576 ‚
1077 2528 1321 2577 nusquam
1407 2511 1584 2560 habent
1607 2510 1642 2560 J
1646 2511 1790 2560 udaei.
1817 2507 2122 2576 Proserimas
2146 2511 2328 2560 codices
2357 2512 2421 2561 ab

295 2604 473 2643 certam
497 2594 672 2644 sedem.
704 2595 967 2661 Propterea
983 2604 1143 2643 autem
1163 2593 1321 2643 adhuc
1406 2595 1644 2653 inimicis,
1672 2601 1727 2640 ut
1743 2593 2231 2658 conflandamas'alios
2245 2595 2420 2642 ini-mi-

295 2677 633 2740 lautacismi,
660 2687 716 2726 at
746 2678 893 2726 libros
923 2687 1108 2726 nostros
1128 2686 1322 2743 portent
1404 2693 1541 2726 cos...
1577 2676 1800 2724 Codicem
1827 2683 1992 2741 portat
2021 2675 2258 2737 Jadoeus,
2288 2676 2419 2725 unde

295 2760 363 2809 ad
392 2761 719 2825 confasionem
748 2777 907 2809 suam.
944 2758 1154 2824 Quando
1185 2762 1316 2807 enim
1402 2758 1564 2806 credat
1618 2758 1947 2807 Christianus.
1993 2758 2220 2807 Librarii
2269 2761 2424 2808 nostri

295 2840 517 2891 volumus
537 2842 778 2890 ostendere
785 2841 1122 2908 prophetatam
1144 2840 1315 2889 Chris·
1398 2841 1525 2905 facti
1552 2849 1693 2901 sunt,
1726 2841 1955 2906 quomodo
1984 2840 2132 2889 solent
2158 2843 2286 2890 servi
2306 2851 2423 2907 post

295 2933 401 2972 tam
419 2962 431 2983 ‚
442 2925 962 2990 profhrimuspaqanis
976 2926 1093 2971 istas
1113 2923 1315 2971 litteras.
1402 2924 1620 2971 dominos
1646 2923 1830 2971 codices
1840 2923 1969 2988 ferre
1987 2962 1999 2984 7
2019 2923 2161 2971 atilli
2175 2923 2420 2990 portando

294 3005 350 3054 E
352 3017 372 3054 t
397 3024 457 3054 ne
469 3009 592 3072 fhrte
609 3008 775 3054 dicant
796 3006 908 3054 dari
925 3005 990 3053 ad
999 3005 1144 3070 fidem
1160 3043 1172 3060 7
1196 3007 1314 3070 qaia
1401 3005 1655 3070 deficiant,
1684 3004 1765 3053 illi
1788 3005 1979 3071 leqendo
1987 3007 2311 3071 proficiant...
2335 3007 2420 3053 Sic

295 3107 382 3137 nos
413 3089 525 3138 illas
551 3089 829 3139 Christiani
851 3090 1234 3155 composuimus,
1261 3096 1316 3135 ut
1401 3090 1532 3135 enim
1580 3096 1818 3153 apparent
1853 3086 2024 3135 Judaei
2057 3088 2114 3134 de
2165 3088 2420 3152 Scriptura

295 3189 405 3220 cum
444 3171 748 3236 Evanyelio,
787 3171 912 3236 quod
942 3170 1275 3237 praedicamus
1296 3207 1310 3230 7
1400 3168 1608 3229 Sancta,
1640 3186 1785 3234 quam
1807 3177 2039 3238 portant-7
2070 3168 2299 3232 quomodo
2330 3185 2419 3234 ap·

288 3253 583 3317 finxerimus
587 3253 863 3320 prophetas,
872 3271 965 3320 per
982 3251 1314 3318 quosproedic-
1392 3260 1536 3318 paret
1552 3252 1708 3316 facies
1735 3253 1853 3299 coeci
1880 3250 1936 3299 de
1967 3249 2190 3316 specul03
2216 3251 2276 3298 ab
2306 3250 2419 3299 aliis

294 3345 398 3384 tum
413 3336 795 3400 videretur-quod
817 3336 1141 3402 praedicamus
1156 3351 1176 3395 ;
1198 3334 1313 3381 hinc
1398 3334 1617 3395 videtur,
1648 3333 1708 3380 ab
1738 3335 1841 3398 ipso
1865 3349 1965 3380 non
1995 3332 2199 3382 videtur.
2234 3333 2291 3381 Et
2309 3331 2419 3382 alibi

241 3471 250 3486 Ι
295 3437 371 3468 eos
383 3421 737 3479 convincimus,
767 3421 885 3483 qaia
907 3434 1069 3465 omnes
1089 3418 1206 3482 ipsae
1232 3415 1312 3463 lit-
1399 3419 1568 3484 passim
1597 3415 1758 3464 eadem
1792 3417 1972 3480 repetit.

297 3510 427 3563 term,
446 3502 621 3567 quibus
642 3500 862 3548 Christus
878 3499 1189 3566 prophetatus
1203 3506 1272 3545 est
1290 3533 1307 3559 ‚
1466 3500 1528 3564 (1)
1567 3498 1708 3547 Rom.
1740 3514 1786 3547 xx
1804 3535 1816 3557 ‚
1853 3513 1937 3546 22.

295 3583 429 3649 apud
443 3583 478 3633 J
481 3583 639 3633 udaeos
652 3590 784 3643 sant,
806 3599 967 3631 omnes
985 3584 1117 3648 ipsas
1131 3579 1311 3629 litte-ras
