2534 4088
279 270 442 308 PART.
489 268 532 303 1.
580 264 703 302 GAP.
751 262 816 300 11.
864 260 933 296 DE
975 254 1132 295 EPOC·
1180 257 1246 292 ΕΤ
1290 254 1463 294 OFFIC.
1514 254 1680 292 Pnom.
1730 252 1958 291 MESSIAE.
2062 231 2142 291 75

41 434 108 473 ac
138 399 276 472 novi
310 405 678 479 substitutiO,
718 399 981 482 gentium
1016 397 1091 457 ad
1131 397 1257 459 veri
1300 396 1407 456 Dei
1448 393 1835 475 cognitionem
1873 403 1934 453 et
1974 414 2140 452 amo—

37 529 164 567 rem
196 505 415 567 vocatio
452 546 468 577 .,
495 521 561 559 ac
587 488 804 577 judaici
831 493 1034 578 populi
1072 492 1304 571 rejectio
1340 501 1516 572 atque
1551 489 1849 572 dispersio,
1875 488 1933 547 Si
1966 488 2143 567 igitur

41 598 490 670 ostender-imm,
509 605 637 653 tum
655 590 770 651 duo
786 590 910 650 haec
930 588 1131 648 munia
1144 591 1311 666 juxta
1332 583 1647 667 prophetas
1672 605 1704 643 a
1726 584 1918 643 futuro
1934 583 2141 643 Messia

43 691 451 776 adimplenda,
489 700 621 748 tum
650 692 774 766 jam
811 684 911 743 diu
935 682 1253 764 adimpleta
1274 680 1446 738 fuisse
1466 723 1482 753 ,
1513 677 2142 761 propositumobtinc-

35 788 249 849 bimus,
293 789 473 845 Porro
507 794 825 862 utrumque
860 778 1178 838 certissime
1210 783 1454 834 constat.

121 881 232 940 127
245 928 256 938 .
288 883 368 941 Ac
376 882 574 958 primo
590 876 829 959 quidem
847 884 1107 935 veterem
1129 869 1377 943 cultum,
1398 878 1456 927 et
1470 866 1720 949 proinde
1735 864 2141 944 sacerdotium,

39 976 393 1038 adveniente
420 972 627 1033 Messia
638 1015 660 1044 ,
684 971 809 1030 fore
830 962 1253 1046 abrogandum,
1278 977 1618 1044 novumque
1644 961 1834 1021 eidem
1859 961 2144 1024 sufficien-

38 1071 182 1131 dum
203 1116 218 1145 ,
247 1081 518 1150 apertum
552 1076 641 1126 est
672 1086 744 1124 ex
771 1060 1022 1136 Malach‚
1066 1062 1132 1134 Ι,
1163 1060 1237 1118 10
1283 1069 1342 1118 et
1378 1075 1547 1140 seqq.
1581 1056 1810 1116 dicente
1844 1080 1858 1115 ε
1891 1058 2036 1118 Non
2063 1071 2148 1119 est

33 1171 197 1224 enim
224 1165 382 1223 mihi
410 1163 682 1221 voluntas
695 1162 762 1216 in
784 1158 969 1230 vohiat,
995 1156 1467 1215 dicitDominus
1487 1157 1862 1212 excercituum
1880 1197 1903 1226 ‚
1927 1164 1983 1211 et
2003 1175 2143 1213 mu—

35 1282 157 1319 nus
186 1281 305 1319 non
332 1260 658 1334 suscipiam
678 1254 748 1312 de
778 1267 974 1311 manu
988 1262 1200 1311 vestra.
1229 1251 1327 1310 Ah
1355 1260 1492 1309 ortu
1511 1252 1677 1307 enim
1696 1250 1836 1308 solis
1855 1269 2042 1328 usque
2062 1250 2150 1308 ad

35 1368 307 1414 occasum
330 1396 346 1424 a
390 1365 686 1430 magnum
728 1358 812 1406 'est
836 1368 1048 1407 nomen
1078 1366 1282 1405 meum
1323 1349 1395 1404 in
1420 1345 1703 1426 gentibus
1717 1368 1743 1417 ‚-
1780 1349 1836 1402 et
1864 1347 1936 1402 in
1976 1349 2150 1431 anmi¹

31 1453 149 1510 loco
188 1446 572 1525 sacrificatur
607 1454 665 1502 ‘et
703 1444 952 1523 offertur
989 1444 1230 1500 nomini
1267 1461 1396 1499 meo
1436 1440 1650 1499 oblatio
1682 1439 1955 1507 munden
1989 1443 2143 1518 quia

29 1558 322 1623 magnum
377 1550 461 1599 est
511 1560 727 1598 nomen
768 1554 967 1596 meum
1013 1542 1082 1595 in
1127 1537 1427 1617 gentibus,
1471 1532 1694 1607 Quibus
1747 1531 1940 1594 verbis
1984 1535 2142 1593 Deus

30 1636 343 1696 denunciat
368 1633 803 1713 abrogationem
826 1642 1093 1694 veterum
1118 1631 1526 1690 sacrificiorum
1541 1674 1557 1704 ‚
1585 1649 1716 1710 quae
1741 1648 1812 1687 ex
1835 1626 1972 1707 legis
1995 1648 2143 1709 prae-

27 1731 240 1813 scripto
266 1730 329 1788 in
354 1727 576 1810 templo
600 1723 1028 1802 offerebantur,
1061 1737 1128 1784 ut
1153 1726 1234 1785 eis
1274 1724 1522 1784 sufficiat
1559 1722 1717 1782 aliud
1757 1723 2136 1797 sacrificium3

27 1825 271 1906 ideoque
298 1823 631 1905 loloquitur
647 1822 720 1882 de
737 1822 1008 1881 sacrificio
1026 1831 1270 1881 externo
1291 1829 1351 1879 et
1364 1819 1602 1902 proprie
1631 1817 1787 1877 dicto
1810 1818 1935 1879 sive
1964 1816 2141 1877 abro-

25 1919 214 1999 gando
238 1920 358 1980 sive
383 1917 752 1992 sufficiend03
784 1916 1137 1998 2010quitur
1162 1914 1236 1975 de
1259 1914 1665 1994 subrogatione
1687 1914 1827 1974 novi
1850 1909 2016 1972 istius
2045 1935 2140 1973 ex-

23 2016 176 2075 terni
219 2014 474 2074 sacrificii
493 2060 508 2089 ,
557 2012 839 2073 offerendi
886 2014 950 2071 in
996 2009 1158 2070 omni
1198 2009 1325 2069 loco
1348 2055 1365 2085 ,
1406 2009 1693 2091 hujusque
1731 2008 2068 2068 discrimine
2104 2030 2139 2068 a

23 2108 315 2170 veteribus
344 2109 665 2184 sacrificih,
694 2130 826 2190 quae
853 2107 958 2165 uni
982 2105 1107 2165 loco
1138 2125 1240 2165 seu
1265 2103 1489 2187 templo
1521 2103 1692 2162 affixa
1717 2115 1919 2178 erant3
1957 2102 2023 2162 3⁰
2047 2102 2139 2162 lo-

27 2203 226 2284 quitur
253 2203 327 2262 de
358 2203 632 2263 sacrificio
663 2214 947 2285 tanquam
975 2201 1272 2284 praecipuo
1298 2198 1592 2279 religionis
1618 2198 1951 2258 charactere
1973 2243 1990 2274 ‚
2020 2219 2138 2280 quo

24 2318 148 2356 non
181 2297 374 2355 minus
408 2308 781 2377 cognoscetur
810 2319 843 2356 a
868 2295 1135 2376 gentibus
1157 2340 1174 2370 ,
1207 2311 1269 2354 se
1304 2294 1415 2354 coli
1439 2295 1503 2352 in
1530 2294 1803 2355 universo
1844 2305 2139 2354 terrarum

24 2389 164 2451 orbe
203 2413 382 2472 quam
417 2390 558 2450 olim
596 2390 1047 2470 ‘cognoscebatur
1072 2411 1179 2472 per
1208 2390 1618 2458 sacrificiorum
1647 2389 2004 2450 exteriorum
2030 2390 2138 2449 irn-

22 2484 401 2547 molationem
422 2531 438 2561 ,
465 2507 499 2545 a
528 2484 746 2545 Judaeis
769 2485 833 2543 in
855 2484 1369 2564 hierosolymitano
1394 2483 1618 2565 templo
1639 2483 1788 2558 coli3
1820 2483 1887 2542 40
1913 2484 1987 2544 de
2014 2489 2136 2563 ejus

21 2581 244 2661 generis
267 2581 541 2640 sacrificio
574 2578 979 2640 substituendo
1004 2577 1294 2660 loquitur,
1322 2579 1486 2659 ¹quod
1511 2600 1633 2636 non
1646 2582 1772 2657 Jam
1801 2579 1865 2636 in
1893 2590 2135 2639 cruenta

20 2675 339 2735 hostiarum
371 2674 775 2735 immolatione
797 2674 1138 2758 consisteret
1157 2718 1172 2748 .,
1199 2672 1306 2732 sed
1330 2674 1395 2732 in
1414 2673 1712 2733 oblatione
1743 2674 1968 2733 munda
1987 2718 2004 2748 ,
2031 2691 2135 2733 seu

22 2769 126 2849 (ut
148 2771 404 2853 postulat
431 2793 568 2830 usus
593 2769 876 2831 hebraicae
908 2769 1065 2831 vocis
1092 2778 1263 2869 Πῐέζγς
1308 2769 1652 2848 (φηίηοΙιαΙι)
1675 2814 1691 2844 ‚
1724 2789 1797 2828 ex
1824 2769 2008 2831 [nevit.
2041 2769 2096 2828 11
2112 2813 2130 2844 .,

25 2905 54 2961 1
85 2916 142 2963 et
177 2926 336 2987 seqq.
362 2908 384 2984 )
411 2911 566 2985 ferto
586 2952 601 2980 ,
636 2906 758 2966 sive
783 2908 934 2965 dono
953 2951 969 2980 7
999 2903 1155 2986 quod
1178 2904 1458 2964 frumenti
1487 2904 1673 2963 farina
1696 2904 2000 2963 conficitur
2027 2949 2043 2980 ‚
2074 2915 2134 2964 et

20 2997 256 3079 quidem
300 3000 505 3105 3¹3¹]'71‘fl30
546 3000 570 3081 (
591 3000 906 3081 thehorah)
934 3021 1099 3081 puro
1141 3016 1243 3058 seu
1284 3001 1544 3073 mundo,
1588 3020 1653 3058 ac
1692 3010 2002 3082 propterea
2046 3003 2133 3058 in-

19 3131 388 3214 dependente
415 3135 488 3194 ab
516 3137 887 3196 offerentium
923 3137 1213 3218 pravitate
1240 3181 1256 3211 ,
1291 3148 1534 3218 propter
1574 3157 1752 3218 quam
1779 3140 2130 3214 rejecturum

19 3246 79 3285 se
100 3232 406 3309 profitetur
419 3232 622 3313 legalia
646 3233 915 3291 sacrificia
932 3233 1042 3313 (1).
1065 3233 1212 3292 Cum
1232 3252 1372 3294 vero
1394 3232 1666 3291 sacrificia
1686 3243 1916 3314 partem
1941 3253 2132 3292 essen-

90 3387 158 3451 (1)
192 3389 292 3441 cfr.
310 3393 455 3441 Bible
470 3394 527 3442 de
546 3396 594 3444 V
596 3411 709 3443 enee
722 3431 739 3457 ‚
760 3398 888 3463 cinq.
908 3396 1019 3445 edit.
1104 3396 1162 3442 in
1189 3395 1449 3444 Messiana
1479 3397 1749 3456 vaticinia,
1783 3406 1900 3462 part.
1923 3411 1978 3446 ιιι
1996 3432 2011 3457 ,
2038 3394 2127 3443 Be·

20 3469 147 3518 Paris
191 3469 348 3534 1832,
396 3486 512 3524 tom.
557 3494 687 3537 xvu,
724 3478 906 3543 prefacc
944 3495 1023 3526 sur
1102 3477 1243 3526 rolin.
1291 3476 1450 3537 1835,
1491 3495 1596 3544 pag.
1628 3475 1759 3542 414,
1808 3476 1968 3527 scribit
2005 3493 2021 3525 τ
2056 3474 2128 3524 In

18 3550 224 3600 Malach.
255 3570 363 3618 pag.
397 3554 499 3622 496
532 3569 576 3607 et
602 3577 734 3626 seqq.
765 3559 1027 3625 Hengsten-
1112 3561 1284 3618 num
1321 3567 1390 3607 68²
1418 3558 1592 3608 allwssio
1629 3560 1695 3608 ad
1734 3576 1854 3627 opus
1881 3566 2126 3625 operatum

17 3631 128 3697 berg
146 3670 159 3692 ‚
188 3650 238 3681 ex
256 3638 511 3701 anticipatis
529 3639 720 3705 judiciis
745 3658 840 3689 suae
867 3652 1025 3701 sectae,
1166 3632 1223 3655 Π
1251 3634 1262 3644 ’

18 3713 69 3760 in
89 3712 413 3781 Christoloqia
444 3716 514 3768 V.
555 3720 616 3769 T.
648 3730 692 3770 et
716 3730 1025 3772 commentar.
1109 3687 1258 3738 malm
1288 3691 1549 3753 '‘mma-⁰&
1572 3699 1615 3740 θ’
1644 3689 1772 3756 quod
1789 3697 1860 3739 εει
1882 3690 1940 3738 in
1964 3706 2021 3739 ω
2042 3706 2124 3739 ω’
