2534 4088
443 246 594 283 PART.
644 246 681 281 1.
727 243 850 282 CAP.
897 243 933 278 1.
980 243 1047 277 DE
1093 241 1300 279 MESSIAE
1346 241 1561 278 I'ROMIS.
1612 242 1677 277 ET
1718 241 1948 278 EXPECT.
2208 220 2279 276 15

175 387 347 446 aliam
369 385 587 447 Messiae
614 385 915 442 notionem
938 383 1213 461 ingerunt
1230 381 1675 463 pollicitationes
1700 378 1947 440 Abrahae
1962 379 2281 461 ceterisque

174 480 512 563 patriarchis
569 479 732 538 factae
784 479 845 537 in
902 476 1038 535 locis
1083 479 1230 535 Gen.
1291 477 1478 535 citatis
1527 499 1540 533 :
1590 477 1670 535 In
1713 479 1933 534 semiue
1975 486 2075 534 tuo
2118 477 2283 534 bene—

176 579 458 636 dicentur
493 596 685 634 omnes
709 584 903 653 flentes
925 583 1132 644 terroe,
1156 593 1261 652 per
1294 569 1468 629 fidem
1508 569 1571 627 in
1613 570 1878 629 Messiam
1899 614 1915 645 a
1947 581 2015 627 ut
2046 570 2284 651 exponit

186 669 526 751 Apostolus,
554 667 679 727 Gal.
716 669 818 726 ΙΙΙ.
863 667 942 741 83
987 688 1160 748 quem
1193 663 1565 724 rationalistae
1605 662 1760 723 bono
1808 666 2004 724 animo
2054 664 2279 740 ferent,
2307 741 2313 745 ¹

173 774 238 822 ut
264 765 403 845 ipsis
425 763 801 845 praeferamus
836 762 897 820 in
934 764 1238 820 Sacrarum
1274 759 1622 817 Litterarum
1657 761 2034 839 expositione.

252 858 355 917 27.
401 858 490 917 Ad
516 859 623 932 2¹¹¹,
663 858 813 937 Ney.
858 857 1116 925 iterum,
1153 864 1282 911 tum
1326 853 1460 933 quia
1500 853 1824 933 expectatio
1861 854 2078 915 Messiae
2113 853 2284 934 longe

172 952 395 1013 Davide
422 953 680 1012 anterior
706 962 830 1022 est,
868 961 996 1008 tum
1028 947 1160 1029 quia
1188 945 1439 1006 Davides
1462 947 1587 1027 ipse
1623 947 1938 1026 saepissime
1957 948 2019 1006 in
2043 948 2285 1008 Psalmis

179 1047 252 1107 de
290 1049 493 1107 Messia
529 1046 814 1125 rebusque
863 1042 935 1101 ab
974 1064 1042 1102 eo
1081 1041 1346 1122 gerendis
1385 1041 1682 1123 loquitur,
1727 1041 1956 1100 Christo
1990 1042 2114 1123 ipso
2165 1056 2288 1104 tes-

179 1153 344 1212 tante
375 1187 392 1217 7
423 1140 632 1200 Matth.
661 1140 818 1197 XXII
840 1183 856 1212 ,
879 1138 959 1196 42
984 1148 1043 1196 et
1066 1158 1230 1218 seqq.
1258 1138 1393 1195 Luc.
1422 1138 1601 1194 XXIV
1622 1181 1637 1210 7
1668 1137 1771 1210 27,
1797 1135 1906 1210 44,
1937 1138 2286 1199 testantibus

180 1237 416 1316 insuper
441 1232 817 1314 Evangelistis
843 1243 902 1293 et
932 1232 1220 1314 Apostolis
1252 1231 1467 1313 passim
1488 1276 1503 1306 a
1536 1229 1851 1290 fatentibus
1881 1231 2020 1313 ipsis
2047 1232 2284 1310 Judaeis,

177 1329 275 1409 qui
305 1328 502 1410 plures
526 1328 784 1388 Psalmos
818 1327 890 1388 de
917 1328 1121 1387 Messia
1154 1324 1386 1409 semper
1410 1320 1842 1386 ‘intellexerunt
1872 1327 1984 1406 (l).
2020 1328 2079 1386 Si
2115 1327 2289 1408 igitur

175 1433 309 1482 ante
333 1423 615 1485 Davidem
642 1425 938 1506 Scriptura
973 1422 1228 1504 loquitur
1262 1421 1337 1481 de
1370 1421 1751 1502 promissione
1794 1432 1854 1480 et
1885 1423 2287 1503 expectatione

174 1517 396 1577 Messiae
416 1562 431 1593 .,
465 1519 512 1577 si
537 1519 787 1580 Davides
813 1522 936 1600 ipse
966 1538 1113 1600 saepe
1141 1517 1213 1577 de
1248 1516 1454 1577 eodem
1487 1517 1691 1576 Messia
1724 1516 2016 1598 loquitur,
2046 1517 2288 1579 evidens

173 1623 402 1671 estnon
426 1633 496 1672 ex
520 1612 804 1674 divisione
834 1613 1128 1671 Israelitici
1153 1612 1384 1694 imperii
1408 1633 1575 1694 spem
1599 1622 1788 1671 ortam
1814 1612 1887 1672 dc
1913 1611 2107 1694 aliquo
2135 1614 2289 1672 Mes-

171 1709 253 1765 sia
281 1729 351 1766 ex
380 1707 615 1770 Davidis
662 1708 903 1789 posteris
941 1710 1233 1766 nascituro
1258 1752 1274 1780 ‚
1322 1709 1428 1766 nec
1472 1706 1688 1767 sensim
1731 1707 1971 1788 coepisse
2010 1706 2286 1767 Hebraeos

170 1803 479 1875 divinare,
509 1814 575 1862 ut
605 1803 836 1885 profani
865 1802 1134 1862 homines
1161 1801 1483 1883 loquuntur
1502 1846 1519 1876 ,
1545 1799 1725 1861 felicis
1773 1800 2105 1861 theocratiae
2129 1802 2290 1861 futu-

169 1917 303 1954 rum
340 1897 791 1957 instauratorem
812 1942 828 1972 .‚
862 1896 1050 1956 multo
1089 1897 1285 1956 minus
1316 1897 1510 1978 ipsum
1548 1895 1835 1957 Davidem
1865 1897 1928 1956 in
1958 1897 2141 1959 vitam
2165 1918 2290 1958 res-

169 1990 411 2050 titutum
434 1991 503 2050 iri
524 2036 542 2067 .,
562 1996 732 2070 juxta
761 1992 1038 2074 parsismi
1075 1990 1403 2053 doctrinam
1441 1991 1555 2072 (2).

1271 2169 1557 2235 exspectatio
1586 2167 1643 2216 de
1671 2167 1882 2216 redituro
1910 2167 2082 2216 ult-ima
2113 2168 2292 2219 muudi

1270 2258 1407 2298 oetate
1423 2267 1530 2314 reqe
1548 2258 1698 2297 vetere
1712 2249 1874 2298 Pascb
1882 2258 1998 2297 utan
2007 2285 2023 2311 ‚
2047 2248 2284 2318 Gustaepi

1262 2330 1368 2395 filio
1389 2367 1402 2394 ,
1426 2348 1517 2398 quo
1538 2330 1778 2398 Gustaspo
1797 2339 2023 2396 requente
2044 2341 2184 2397 atque
2198 2333 2282 2398 fa·

1268 2423 1403 2462 vente
1433 2430 1569 2461 suam
1601 2413 1871 2462 doctrinam
1893 2412 2285 2479 promulqaverat

215 2168 399 2232 (1)Cfr.
415 2169 579 2236 Raym.
591 2168 802 2231 Martini,
820 2187 892 2236 op.
907 2172 982 2220 cit.
997 2179 1112 2236 part,
1131 2184 1180 2230 ιι,

176 2250 284 2298 dist.
321 2267 338 2298 ι
362 2288 375 2311 ,
399 2268 500 2316 cap.
532 2269 557 2319 7
573 2289 586 2310 ‚
613 2249 639 2317 ὃ
665 2250 723 2316 14
745 2260 790 2300 et
811 2268 946 2318 seqq.
971 2262 1086 2317 part.
1104 2268 1180 2312 111,

172 2331 282 2379 dist.
315 2331 372 2392 3,
400 2348 500 2395 cap.
533 2330 664 2398 15‚§
700 2350 717 2380 1
743 2370 756 2393 ,
786 2343 830 2381 et
854 2334 962 2381 alibi
993 2336 1180 2399 passim.

243 2410 308 2476 (2)
346 2411 422 2459 Sic
452 2414 575 2460 enim
604 2411 925 2462 Rosenmiiller
953 2417 1006 2462 in
1036 2413 1181 2462 Scho-

172 2492 253 2541 tiis
282 2494 340 2540 in
371 2491 441 2542 V.
479 2493 543 2542 T.
573 2504 694 2558 part.
723 2510 770 2542 iv
792 2531 806 2555 ,
830 2495 923 2543 vol.
957 2508 1023 2555 11,
1054 2494 1178 2559 Lips.

181 2572 337 2634 1810,
369 2575 426 2623 ad
451 2574 617 2624 Ezech.
644 2592 814 2636 xxxxv,
847 2574 939 2639 23,
970 2575 1184 2624 indicatis

171 2656 324 2722 ejusd.
369 2656 541 2706 Ezeeh.
576 2672 739 2706 xxxvii
762 2692 777 2719 ,
819 2655 884 2722 24
921 2667 967 2706 et
1005 2656 1177 2706 Jerem.

177 2756 265 2786 xxx
282 2775 295 2798 ‚
325 2754 388 2804 93
417 2738 524 2790 Ose.
550 2756 607 2788 111
625 2776 639 2800 ‚
670 2737 700 2788 5
718 2776 732 2799 ‚
759 2740 873 2788 locis
890 2777 904 2800 ‚
931 2742 983 2788 in
1012 2739 1183 2807 quibus

176 2817 365 2867 Messias
395 2818 614 2868 Davidee
645 2821 905 2887 appellatur
926 2856 941 2883 ‚
974 2822 1131 2871 scribit
1165 2839 1180 2871 ε

177 2899 342 2964 Atque
365 2899 479 2948 locis
505 2900 632 2950 hisce
656 2903 930 2967 significari
949 2901 1086 2951 illum
1105 2905 1182 2969 ip·

177 2997 285 3028 sum
314 2989 511 3030 veterem
540 2981 785 3032 Davidem
805 3021 818 3043 ‚
851 3001 990 3049 quem
1022 3001 1183 3050 epera-

178 3071 285 3109 rent
317 3061 483 3126 futuro
529 3063 688 3129 aliquo
730 3073 937 3132 tempore
982 3083 1182 3131 requam

169 3144 392 3209 priscum
420 3182 434 3205 ‚
477 3146 561 3193 sed
604 3146 751 3195 multo
795 3146 1004 3214 anaepliue
1046 3140 1185 3213 atque

178 3226 430 3288 auquetius
445 3235 828 3277 restauraturum
841 3265 855 3293 ‚
870 3231 1072 3278 minime
1090 3232 1185 3278 im-

170 3305 417 3371 probabile
445 3307 613 3372 fuerit.
651 3308 799 3359 Alere
838 3312 970 3359 enim
1000 3319 1189 3378 poterat

179 3388 413 3451 ejusmodi
446 3406 575 3455 spem
595 3428 608 3452 ,
638 3393 804 3458 opinio
837 3391 925 3440 illa
953 3392 1187 3441 veteribus

180 3471 447 3517 communie
489 3471 620 3536 sere,
663 3472 720 3520 de
768 3490 928 3522 rerum
969 3476 1187 3522 omnium

184 3548 590 3613 ἀποκατιστάνει,
620 3553 964 3603 revolventibus
1004 3572 1101 3603 sese
1146 3564 1191 3603 et

181 3629 413 3678 redituris
425 3635 664 3685 aetatibue.
686 3634 822 3684 Certe
838 3635 954 3684 huic
966 3637 1192 3703 opinioni

180 3719 496 3761 consentanea
534 3725 634 3764 erat
676 3725 885 3766 veteram
928 3714 1189 3766 Persarum

1269 2494 1546 2544 Zoroaster.
1583 2495 1733 2543 Illum
1770 2498 1928 2560 iqitur
1959 2493 2238 2544 Paschutan
2258 2530 2277 2557 ‚

1267 2576 1358 2639 qui
1369 2577 1527 2641 etipse
1544 2574 1655 2623 olim
1669 2576 1902 2625 doctrinm
1917 2576 1967 2623 Z
1966 2578 2283 2626 oroastriauoe

1268 2658 1326 2704 iu
1351 2658 1610 2722 provincia
1650 2653 1696 2704 V
1697 2657 2155 2724 arth‘emquerdiana
2186 2659 2282 2706 mi-

1268 2739 1473 2787 nistrum
1487 2738 1815 2805 sepraebuerat
1822 2774 1838 2801 ,
1856 2740 2111 2788 credebant
2119 2738 2282 2788 Persae

1269 2823 1492 2869 extremis
1512 2820 1799 2887 temporibus
1814 2831 2014 2870 veterem
2033 2839 2091 2870 ac
2100 2839 2284 2889 puram

1268 2901 1515 2966 reliqiom’s
1542 2902 1807 2951 doctrinam
1831 2906 2144 2969 priscumque
2164 2900 2286 2952 Per-

1268 2985 1424 3031 sicam
1457 3001 1657 3049 requam
1685 2987 1756 3033 ita
1786 3001 1883 3033 esse
1910 2987 2243 3034 restituturum
2267 3023 2282 3047 ,

1268 3073 1323 3112 ut
1346 3065 1896 3120 omniumabundantia
1922 3075 1968 3114 et
1986 3061 2285 3132 prosperitas

1269 3155 1407 3211 atque
1429 3164 1535 3212 pax
1577 3149 1805 3196 universa
1848 3156 2086 3196 terrarum
2127 3149 2285 3196 orbem
2330 3193 2333 3196 Α

1269 3229 1370 3275 sint
1398 3227 1621 3276 beaturoe.
1654 3228 1766 3277 Vid.
1797 3230 2062 3278 Memoires
2090 3246 2179 3277 sur
2206 3230 2285 3277 di·

1271 3326 1424 3358 verses
1441 3311 1699 3374 antiquitas
1723 3310 1780 3358 de
1806 3310 1854 3359 la
1869 3314 2050 3374 Perse,
2082 3329 2165 3377 par
2194 3309 2286 3359 Sil-

1272 3402 1417 3441 vestre
1435 3391 1491 3440 de
1509 3390 1625 3458 Sacy
1643 3429 1656 3452 ‚
1675 3391 1800 3441 Paris
1825 3409 1842 3441 ι
1855 3393 1969 3460 793,
1999 3390 2128 3456 iti-4.
2156 3410 2201 3458 p.
2220 3390 2287 3460 94

1272 3491 1402 3540 seqq.
1432 3472 1608 3521 Verum
1641 3470 1765 3523 enim
1795 3492 1904 3523 vero
1936 3477 2042 3541 quis
2071 3476 2284 3537 ignorat,

1274 3555 1563 3604 Zoroastrum
1592 3555 1726 3620 plura
1754 3556 2040 3605 transtulisse
2067 3557 2117 3603 in
2146 3555 2287 3604 libros

1273 3654 1378 3686 suos
1415 3655 1470 3685 ex
1509 3636 1639 3686 libris
1674 3637 1982 3690 Judaeornm?
2019 3635 2286 3686 Doctrinam

1275 3735 1382 3768 vero
1395 3717 1727 3784 palinqenesis
1757 3729 1802 3768 et
1826 3720 2170 3783 apocatastaeie
2190 3736 2286 3767 non
