2534 4088
354 168 431 228 80
1008 186 1206 225 macr.
1254 189 1322 225 nn
1365 189 1786 230 monunculi
1799 214 1811 227 .

355 330 581 415 quoties
616 329 691 389 ab
730 326 991 406 ejusdem
1020 326 1161 407 legis
1191 326 1567 392 observantia
1610 333 1984 410 descivisset,
2030 336 2175 396 dum
2210 339 2482 420 promisit

355 451 416 489 se
459 449 593 487 eum
618 427 684 484 in
723 421 993 483 eamdem
1022 435 1470 502 revocaturum,
1506 430 1733 511 quoties
1773 433 1969 512 ipsum
2005 453 2122 491 suae
2156 444 2480 514 transgres-

350 524 527 583 sionis
555 519 954 605 poenituisset7
997 531 1175 602 prout
1203 531 1327 580 tam
1375 522 1438 580 in
1470 524 1667 584 Exodo
1706 548 1886 607 quam
1913 528 1977 587 in
2016 530 2476 590 Deuteronomio

351 619 567 701 passim
589 616 820 695 legitur.
1959 622 1961 624 ’

437 714 574 773 131.
601 712 753 770 Hinc
779 712 990 771 merito
1021 712 1412 793 Hieronymus
1431 758 1448 790 7
1473 714 1904 796 Epist.CXXIX
1922 763 1938 793 7
1961 718 2064 777 Ad
2080 721 2478 796 Dardanum7

350 833 410 870 n.
432 810 494 884 77
527 809 606 868 sic
624 809 660 867 J
663 806 858 867 udaeos
881 809 1224 889 perstringit
1256 831 1269 866 :
1302 811 1503 869 ,Multa
1518 854 1541 881 ,
1569 810 1619 869 J
1618 812 1783 871 udoee
1797 855 1820 884 ,
1842 815 2061 873 seelera
2091 820 2475 888 commisisti,

350 908 583 965 eunetis
619 909 784 963 eirea
815 915 866 962 te
902 908 1143 963 servisti
1171 907 1543 965 nationibus.
1592 907 1683 966 Oh
1721 908 1885 986 quod
1916 911 2217 985 facinus?
2269 912 2485 990 Utique

340 1013 594 1084 propter
625 1001 1054 1059 idololatriam.
1092 1001 1413 1080 Quumque
1461 1007 1735 1064 servisses
1783 1004 2022 1076 crebro,
2076 1002 2357 1064 misertus
2390 1010 2489 1065 tui

351 1109 437 1158 est
475 1099 641 1158 Deus
668 1141 685 1172 7
731 1107 787 1154 et
825 1100 998 1154 misit
1018 1097 1268 1174 judiees
1305 1108 1361 1155 et
1386 1099 1740 1170 salvatores7
1785 1103 1899 1178 qui
1937 1110 2063 1160 te...
2114 1102 2479 1160 liberarunt.

346 1194 692 1255 >Novissime
728 1193 840 1251 suh
881 1193 1124 1271 regibus
1167 1193 1471 1272 offendisti
1499 1196 1702 1254 Deum
1721 1240 1736 1268 7
1785 1206 1840 1252 et
1878 1202 2077 1254 omnis
2098 1207 2208 1256 tua
2235 1201 2487 1276 provin-

351 1295 451 1351 oia
470 1336 486 1366 7
525 1300 695 1371 qente
742 1288 1103 1366 babylonica
1158 1299 1426 1347 vastante
1447 1332 1469 1361 ,
1524 1290 1714 1349 deleta
1768 1301 1865 1349 est.
1926 1291 2053 1349 Per
2105 1296 2488 1373 septuayinta

351 1408 544 1448 annos
557 1386 765 1465 templi
779 1384 1034 1444 solitudo
1047 1389 1471 1465 permansit...
1493 1385 1600 1444 Ad
1618 1395 1954 1446 extremum
1982 1388 2096 1446 sub
2125 1388 2487 1466 Vespasiano

352 1494 407 1543 et
440 1477 572 1543 Tito
627 1482 782 1541 Urbs
821 1492 1040 1560 capta,
1085 1483 1486 1561 templumque
1526 1483 1882 1541 subversum
1926 1493 2024 1542 est.
2069 1485 2307 1543 Deinde
2331 1488 2486 1543 eivi-

351 1585 493 1639 tatis
540 1599 727 1658 usque
750 1579 838 1636 ad
860 1577 1270 1636 Hadrianum
1289 1581 1645 1657 prinoipem
1672 1600 1785 1657 per
1814 1582 2269 1659 quinquaqinta
2294 1600 2488 1639 annos

352 1696 629 1734 mansere
671 1675 967 1752 reliquiae.
1008 1673 1154 1731 Post
1190 1677 1549 1731 eversionem
1592 1676 1840 1753 templi,
1886 1676 2079 1752 paulo
2125 1678 2337 1734 minus
2373 1691 2490 1755 per

352 1772 824 1852 quadringentos
858 1791 1049 1828 annos
1085 1779 1141 1827 et
1182 1769 1358 1828 urhis
1404 1780 1459 1827 et
1487 1771 1696 1848 templi
1729 1772 1934 1828 ruinoe
1963 1781 2351 1851 permanent.
2394 1771 2485 1830 Oh

351 1868 515 1948 quod
541 1876 785 1925 tantum-
817 1863 1118 1944 faoinus?
1162 1865 1328 1925 Certe
1358 1886 1480 1924 non
1506 1867 1647 1924 eolis
1673 1867 1874 1940 idola,
1900 1869 2005 1927 sed
2021 1871 2204 1926 etiam
2228 1870 2488 1925 serviens

352 1966 560 2024 Persis
581 1974 760 2043 atque
783 1966 1074 2022 Romanis
1094 2006 1110 2035 7
1136 1971 1191 2018 et
1215 1965 1589 2040 captivitatis
1602 1983 1852 2040 pressus
1854 1968 2009 2044 juqo
2028 2007 2045 2036 7
2074 1967 2319 2042 iynoras
2347 1963 2487 2020 alie-

354 2082 461 2120 nos
504 2061 659 2119 deos.
711 2059 1011 2137 Quomodo
1052 2059 1550 2115 elementissimus
1580 2059 1887 2136 quondam
1927 2061 2129 2128 Deus,
2171 2062 2285 2136 qui
2325 2080 2487 2117 nun-

352 2177 541 2246 quam
567 2159 667 2212 tui
688 2155 907 2212 oblitus
936 2164 1046 2226 est7
1075 2174 1245 2211 nuno
1269 2174 1388 2232 per
1420 2163 1591 2211 tanta·
1615 2157 1819 2232 spatia
1847 2165 2185 2234 temporum
2224 2157 2490 2213 miseriis

354 2256 480 2312 tuis
527 2271 651 2308 non
688 2250 1058 2323 adducitur,
1098 2259 1173 2306 ut
1208 2249 1394 2307 solvat
1432 2249 1953 2329 captivitatem2...
2012 2250 2100 2308 Oh
2143 2250 2305 2327 quod
2332 2294 2349 2324 7
2394 2255 2488 2308 in-

352 2369 575 2428 quam7
612 2349 865 2426 facinus
892 2356 947 2403 et
974 2356 1093 2403 tam
1119 2347 1447 2405 eoeeerahile
1481 2347 1669 2404 scelus
1698 2350 1919 2405 avertit
1942 2368 1981 2404 a
2012 2356 2062 2404 te
2081 2348 2270 2405 oeulos
2305 2345 2489 2405 suos?

352 2442 653 2525 Ignoras?2
676 2442 971 2502 Memento
1007 2446 1164 2501 ‘vocis
1196 2452 1532 2521 parentum
1577 2452 1827 2500 tuorum
1859 2466 1876 2500 .-
1907 2442 2174 2521 Sanquis
2211 2445 2338 2519 ejus
2378 2462 2486 2498 su-

344 2562 466 2621 per
487 2561 592 2600 nos
615 2549 670 2597 et
698 2559 884 2615 super
895 2538 1052 2616 filios
1081 2547 1310 2596 nostros
1320 2563 1345 2611 ,-
1376 2548 1432 2595 et
1451 2563 1468 2596 .·
1497 2535 1640 2597 Non
1663 2538 1951 2596 habemus
1977 2557 2171 2616 reyem
2202 2540 2335 2594 nisi
2360 2540 2484 2594 Coe-

356 2658 570 2695 sarem.
614 2636 820 2695 Habes
847 2635 1011 2713 quod
1038 2635 1266 2714 elegisti
1287 2655 1306 2692 .·
1338 2654 1528 2712 usque
1555 2634 1643 2691 ad
1663 2633 1852 2710 finem
1888 2633 2116 2690 mundi
2148 2636 2487 2692 serviturus

349 2753 415 2790 ¹es
448 2731 680 2791 Coesari
704 2774 719 2804 7
755 2731 938 2787 donee
962 2733 1238 2809 qentiitm
1266 2732 1529 2788 introeat
1553 2729 1873 2808 plenitudo
1901 2771 1923 2800 ,
1953 2739 2008 2787 et
2032 2732 2120 2787 sio
2163 2732 2359 2788 omnis
2389 2729 2487 2789 Is—

356 2828 490 2887 rael
524 2827 724 2886 salvus
763 2826 875 2904 fiat
910 2824 1019 2903 (l).
1059 2821 1229 2897 Quod
1264 2823 1503 2905 quidem
1543 2835 1991 2903 argumentum,
2039 2824 2141 2883 cui
2171 2846 2394 2885 novum
2424 2824 2488 2883 in

358 2922 482 2983 dies
516 2920 697 2981 robur
724 2918 944 2980 accedit
962 2964 979 2994 7
1009 2930 1067 2978 et
1097 2918 1256 3001 quod
1286 2919 1463 3002 plane
1493 2918 1868 2980 ineluctabile
1892 2931 1980 2980 est
2001 2966 2016 2996 7
2050 2942 2122 2980 ex
2154 2919 2489 2980 recentiori-

356 3018 467 3079 bus
508 3017 835 3078 luculenter
874 3013 1094 3078 evolvit
1140 3016 1374 3075 Grotius
1397 3062 1412 3091 7
1457 3018 1546 3076 De
1589 3019 1833 3075 veritate
1875 3019 2184 3096 reliyionis
2222 3016 2438 3076 Christ.
2457 3059 2482 3087 ,

359 3114 460 3175 lib.
500 3117 571 3190 V7
599 3115 633 3195 g
661 3114 734 3173 16
755 3160 771 3190 7
789 3111 892 3172 ubi
919 3110 1067 3171 nihil
1091 3112 1287 3171 omisit
1311 3134 1383 3173 ex
1408 3113 1476 3171 iis
1497 3157 1514 3188 7
1544 3132 1671 3194 quae
1693 3111 1886 3172 eidem
1915 3112 2039 3173 vim
2070 3110 2286 3170 addere
2315 3132 2484 3192 posse

358 3209 727 3273 viderentur.
1453 3218 1460 3224 '

430 3415 494 3484 (l)
531 3416 657 3466 Edit.
690 3415 888 3465 Vallars.
920 3434 1031 3483 opp.
1070 3426 1186 3465 tom.
1212 3432 1251 3465 1.
1282 3416 1380 3465 Hoc
1464 3417 1752 3466 orationibus
1784 3417 2002 3466 adversus
2036 3415 2251 3477 Judaeos,
2298 3432 2351 3465 ac
2381 3433 2488 3482 pre-

361 3499 487 3549 idem
502 3507 828 3566 argumentum
842 3503 1019 3566 egregie
1034 3501 1246 3549 tractavit
1263 3500 1384 3548 inter
1465 3501 1622 3548 sertim
1650 3504 1769 3549 orat.
1793 3518 1821 3549 v
1839 3535 1856 3563 ,
1878 3510 1995 3549 tom.
2028 3517 2045 3547 1
2059 3534 2075 3561 ‚
2099 3517 2204 3565 pag.
2225 3496 2322 3565 587
2338 3534 2357 3561 ,
2377 3497 2485 3548 edit.

362 3592 533 3634 veteres
567 3581 620 3634 S.
646 3581 787 3632 Joan.
822 3582 1061 3650 Chrysost.
1093 3585 1144 3633 in
1172 3584 1384 3650 quinque
1468 3581 1674 3635 Maurin-
