2534 4088
331 277 489 317 rAnT.
522 280 559 316 1.
606 276 727 312 cn.
770 274 834 310 11.
883 272 949 307 nu
993 269 1145 305 aroc.
1183 267 1248 303 m
1293 267 1468 305 ome.
1517 240 1682 302 PlioM.
1718 263 1945 301 nssssmz.
2121 242 2191 301 31

48 411 52 414 ’
87 439 334 499 cumque
385 417 727 476 meritorum
779 422 881 471 aut
937 408 1356 468 demeritorum
1410 418 1746 466 nostrorum
1798 404 2197 464 conditionem

89 513 434 573 excludunt.

173 609 273 666 57.
318 606 383 663 40
410 605 598 664 Posita
624 601 804 662 semel
828 601 936 660 hac
963 602 1297 660 conditione
1317 644 1332 672 7
1355 602 1480 675 jam
1511 597 1696 678 sequi,
1719 594 1868 654 nihil
1896 597 2035 654 certi
2053 597 2199 655 circa

93 716 323 782 tempus
365 699 585 759 Messiae
614 697 900 757 adventus
935 715 1232 778 superesse
1255 739 1269 766 a
1306 712 1614 772 perperam
1642 689 1888 771 proinde
1917 691 1979 748 in
2007 691 2201 772 Scrip-

90 796 232 854 turis
258 794 596 874 frequenter
618 791 760 850 adeo
782 803 1014 872 tempus
1057 787 1215 848 istud
1239 786 1624 865 significatum
1655 785 1850 844 fuisse.
1887 787 2204 867 Nunquam

91 890 249 950 enim
288 888 509 948 exitum
540 908 711 945 suum
746 885 961 945 divinae
989 882 1438 966 pollicitationes
1479 878 1767 937 habiturae
1808 890 2035 952 essent;
2069 901 2205 939 cum

91 1005 286 1065 neque
326 982 387 1040 in
409 980 636 1060 judaica
665 979 903 1038 natione
927 1021 943 1050 ,
973 991 1081 1035 nec
1115 975 1178 1033 in
1207 974 1317 1033 alia
1350 971 1610 1055 qualibet
1648 971 1930 1031 scelerum
1974 973 2207 1034 futurus

95 1079 169 1137 sit
206 1078 371 1151 finis7
407 1085 660 1157 spectata
699 1071 1008 1130 hominum
1052 1070 1394 1129 infirmitate
1432 1089 1497 1127 ac
1523 1067 1761 1129 malitia.

179 1173 276 1230 58.
327 1171 391 1228 5⁰
430 1167 652 1228 Novam
679 1177 853 1247 atque
875 1163 950 1223 ab
984 1165 1241 1247 antiquae
1267 1167 1568 1244 synagogae
1609 1184 1780 1222 sensu
1812 1185 2049 1244 prorsus
2073 1164 2209 1225 alie-

98 1289 237 1326 nam
264 1287 383 1338 esse
410 1260 762 1322 sententiam
783 1260 934 1319 hanc
955 1306 971 1335 ,
1003 1282 1131 1342 quae
1160 1261 1397 1319 nonnisi
1422 1260 1498 1318 ad
1523 1257 1812 1318 eludenda
1843 1258 2207 1321 Christiano-

103 1381 233 1419 rum
299 1357 519 1435 objecta
597 1355 912 1436 excogitata
968 1355 1077 1413 fuit
1124 1365 1256 1438 post
1315 1353 1851 1434 Hierosolymorum
1896 1375 1963 1414 ac
2003 1354 2211 1438 templi

99 1453 492 1525 eversionem,
515 1471 807 1532 quaequea
844 1449 1196 1509 doctioribus
1212 1451 1351 1532 ipsis
1367 1448 1648 1509 Rabbinis
1677 1450 1955 1509 acerrime
1987 1450 2213 1534 impug-

95 1558 269 1607 natur
289 1545 396 1629 (l)
435 1546 721 1619 Profecto⁷
750 1546 799 1604 si
814 1545 1034 1605 Messiae
1057 1545 1344 1606 adventus
1372 1544 1445 1604 ab
1474 1545 1784 1604 hominum
1807 1546 2030 1605 meritis
2057 1568 2211 1628 pen-

98 1641 296 1717 deret,
340 1652 430 1700 tot
462 1641 959 1699 sanctissimorum
1004 1639 1511 1714 Patriarcharum2
1554 1639 1981 1721 Prophetarum
2010 1687 2026 1715 .,
2069 1641 2213 1700 alio-

98 1757 344 1816 rumque
367 1737 598 1818 piorum
625 1733 908 1794 hebraicae
932 1737 1118 1815 gentis
1142 1735 1453 1794 hominum
1471 1781 1486 1810 ,
1512 1735 1696 1816 quiin
1726 1737 1909 1796 veteri
1928 1757 2215 1816 synagoga

100 1829 423 1890 floruerunt
443 1876 458 1905 ,
490 1829 698 1889 merita
727 1829 858 1911 plus
894 1830 1051 1912 apud
1089 1833 1279 1890 Deum
1319 1829 1514 1891 valere
1559 1829 1898 1890 debuissent
1918 1876 1936 1906 ,
1982 1843 2048 1890 ut
2075 1853 2215 1915 pro-

103 1927 403 1986 missiones
435 1925 689 1987 solveret
730 1946 859 1984 suas
889 1971 904 2000 7
946 1946 1125 2007 quam
1174 1927 1568 1984 recentiorum
1614 1924 1954 1985 Judaeorum
1996 1925 2214 2007 flagitia

103 2020 336 2082 valeant
358 2020 432 2080 ad
447 2020 575 2080 illas
603 2020 1003 2080 retardandaS.
1039 2023 1327 2080 Praeterea
1349 2041 1483 2080 cum
1499 2019 1734 2099 judaica
1761 2043 1900 2100 gens
1927 2021 2059 2083 ideo
2089 2020 2216 2081 dire

107 2114 406 2194 affligatur,
432 2115 912 2197 graviSSImasque
938 2136 1002 2174 ac
1018 2114 1323 2174 diuturnas
1343 2116 1682 2178 vexationes
1701 2116 1958 2198 patiatur
1972 2128 2218 2200 propter

113 2208 334 2268 Messiae
374 2231 539 2290 spem
560 2255 575 2283 a
629 2232 737 2291 pro
784 2214 944 2288 cujus
985 2209 1245 2271 adventu
1273 2211 1471 2269 enixas
1505 2209 1649 2269 adeo
1698 2209 1772 2269 ad
1797 2211 1987 2272 Deum
2019 2232 2221 2293 preces-

110 2314 394 2384 perpetuo
414 2304 645 2375 fundit,
668 2305 890 2387 concipi
917 2306 1146 2387 nequit,
1174 2305 1466 2388 quomodo
1483 2307 1636 2365 Deus
1652 2304 1742 2365 his
1773 2327 1893 2364 non
1921 2305 2216 2381 flectatur.1

110 2407 170 2455 et
192 2394 315 2456 haec
334 2397 528 2456 omnia
548 2399 816 2458 conferre
841 2399 990 2458 nihil
1016 2399 1250 2460 valeant
1274 2402 1350 2460 ad
1365 2401 1586 2461 Messiae
1605 2402 1873 2483 promissi
1894 2401 2220 2463 adventum

107 2490 566 2551 accelerandum.
593 2493 940 2574 Quanquam
964 2514 1074 2552 nec
1102 2494 1250 2552 illud
1278 2495 1673 2554 omittendum
1712 2507 1802 2556 est
1819 2541 1834 2568 ,
1872 2497 2217 2556 diuturnam

108 2585 252 2646 adeo
289 2585 632 2646 dilationem
665 2587 826 2646 haud
867 2609 1075 2669 parum
1117 2589 1379 2649 conferre
1417 2589 1493 2648 ad.
1537 2591 1802 2650 animum
1843 2590 2221 2674 desponden-

112 2679 253 2740 dum
274 2727 290 2756 ‚
323 2693 497 2763 atque
533 2682 598 2740 in
630 2681 1101 2764 desperationem
1128 2684 1556 2762 conjiciendum
1586 2685 1700 2766 (2).

185 2898 247 2963 (l)
282 2898 381 2947 cfr.
419 2898 632 2961 Derossi,
671 2917 751 2966 op.
785 2902 865 2950 cit.
908 2918 1014 2966 cap.
1056 2918 1084 2949 2
1107 2939 1121 2963 ,

117 2978 143 3046 §
167 2977 201 3043 4
229 2990 272 3029 et
298 2997 424 3047 seqq.
466 2981 548 3030 ubi
577 2982 708 3046 plura
749 2981 1024 3031 documenta
1048 2984 1126 3031 in-

116 3064 268 3110 venies
295 3072 396 3109 tum
424 3080 477 3111 ex
506 3062 766 3112 Thalmude
789 3075 888 3112 tum
917 3081 974 3112 ex
1005 3064 1125 3113 cele-

53 3186 57 3189 <
119 3141 350 3191 brioribus
369 3143 594 3192 Rabbinis
614 3147 814 3211 antiquis
832 3156 877 3194 et
899 3149 1125 3195 recentis·
1183 3140 1186 3142 i

122 3223 272 3285 ribus,
299 3241 357 3274 ex
380 3224 550 3291 quibus
569 3236 694 3291 patet
713 3265 725 3286 ‚
743 3237 980 3292 receptum
999 3228 1126 3292 apud

124 3301 338 3355 Hebraeos
369 3324 465 3356 esse
493 3307 670 3359 Messiae
698 3310 950 3357 adventum
982 3319 1126 3358 retar-

126 3381 222 3431 da'ri
262 3403 356 3437 uon
392 3406 525 3457 posse
549 3427 563 3449 ‚
605 3401 744 3457 atque
783 3391 841 3439 ab
877 3391 1127 3442 hominum

128 3467 298 3513 meritis
321 3469 390 3517 vel
411 3469 644 3519 demeritis
664 3473 793 3521 nulla
817 3475 992 3522 ratione
1016 3492 1130 3539 pen-

128 3545 247 3594 dere.
274 3546 332 3595 Et
353 3566 457 3600 sane
481 3552 734 3602 absurdum
762 3565 858 3616 est,
884 3555 1130 3604 hominum

126 3638 310 3692 peccata
347 3633 592 3697 praepedire
627 3636 878 3685 adventum
915 3636 1089 3686 Messiae
1111 3674 1126 3701 ‚

127 3712 207 3773 qni
238 3715 430 3773 peccati·
455 3713 698 3765 hominum
724 3717 939 3767 tollendis
965 3729 1128 3769 ventu-

1207 2920 1284 2950 rus
1316 2913 1442 2962 erat,
1480 2913 1531 2951 ut
1561 2921 1747 2952 rursum
1781 2903 1968 2955 Hebraei
2002 2905 2219 2956 fatentur.

1208 2983 1306 3032 cfr.
1336 2981 1464 3032 Dias.
1490 2984 1725 3051 pltiloloq.
1763 2985 1821 3034 de
1854 2985 1963 3033 Ara
1994 2971 2225 3034 exteriori

1206 3064 1339 3113 Joau.
1382 3065 1542 3115 Jacobi
1584 3066 1786 3116 Crameri
1811 3105 1823 3126 ‚
1872 3070 1923 3114 in
1970 3066 2225 3116 'Thesauro

1210 3146 1423 3212 Ugolini,
1469 3158 1580 3196 tom.
1613 3167 1673 3206 x,
1720 3165 1820 3214 pag.
1865 3146 1964 3212 340
1999 3158 2045 3197 et
2086 3160 2249 3215 seqq.‘

1275 3228 1348 3295 (2)
1380 3228 1483 3277 Gfr.
1504 3229 1685 3278 Derossi
1703 3267 1717 3289 ‚
1735 3230 1819 3278 loc.
1843 3232 1942 3289 cit,;
1978 3229 2224 3279 seha-skar-

1207 3311 1323 3368 dus,
1378 3308 1473 3359 Im
1503 3313 1721 3375 reqium,
1763 3313 1996 3363 theorema
2045 3331 2137 3372 xx,
2173 3316 2223 3360 in

1216 3390 1362 3441 Thes.
1395 3392 1525 3456 Ugot
1556 3403 1672 3442 tom.
1702 3411 1843 3456 xxiv,
1880 3412 1985 3459 pag.
2024 3392 2123 3443 800
2180 3404 2225 3442 et

1213 3464 1312 3539 seq.
1353 3491 1461 3522 cum
1495 3483 1595 3522 not.
1624 3472 1688 3522 55
1715 3474 1985 3540 Carpzovfi,
2019 3475 2086 3522 ib.
2121 3493 2223 3539 pag.

1212 3551 1345 3618 8203
1389 3553 1654 3619 Lightfoot‚
1698 3557 1755 3603 in
1791 3554 1992 3620 Evanq.
2033 3555 2218 3604 Matth.

1212 3637 1365 3686 Horoe
1386 3637 1568 3686 hebrai.
1594 3646 1640 3687 ct
1670 3638 1935 3688 Thalmud.
1957 3641 2007 3687 in
2033 3657 2136 3705 cap.
2162 3656 2189 3687 2
2207 3676 2224 3701 ‚

1216 3737 1258 3767 v.
1285 3735 1301 3767 ι
1322 3758 1336 3782 ‚
1354 3719 1436 3769 ubi
1456 3720 1658 3785 plurium
1679 3719 2068 3771 Ghemaristarum
2087 3721 2225 3772 verba
