2534 4088
251 209 381 271 378·

870 231 1064 271 TRAGT.
1112 232 1181 270 DE
1223 232 1405 272 CULTU
1446 234 1805 274 SANCTORUM.

251 398 367 459 que
410 382 815 457 opportunum
858 372 1165 451 ducimUS,
1212 368 1561 438 Sanctorum
1602 378 1891 462 suffragiis
1935 377 2390 462 supplicationes

247 484 478 534 nostras
516 470 900 530 communire.

332 569 431 629 77.
478 567 569 628 Ad
601 567 714 643 3¹1¹7
746 569 902 628 Dz'st.
949 568 1020 626 Et
1055 567 1304 627 dubium
1341 567 1417 628 de
1452 569 1763 629 existentia
1800 570 2007 631 talium
2044 572 2394 631 Sanctorum

249 675 352 724 aut
394 664 720 724 sanctitatis
758 663 938 723 afficit
980 664 1249 746 praxim„
1293 686 1421 748 quae
1453 664 1827 726 accidentalis
1862 677 1951 726 est
1985 690 2051 727 ac
2084 690 2176 727 res
2218 688 2395 728 merae

250 761 574 844 disciplinae
596 807 611 836 ,
643 780 843 836 conc.;
876 761 1054 820 afficit
1077 760 1303 820 cultum
1332 762 1560 844 ipsum,
1585 784 1715 843 noy.
1746 763 1856 821 Tot
1885 764 2078 823 Sancti
2101 765 2393 840 existunt,

251 858 325 918 de
365 881 619 941 quorum
655 858 965 918 existentia
1004 870 1105 917 aut
1145 858 1454 918 sanctitate
1491 880 1600 918 nec
1640 858 1753 940 ipsi
1794 860 2191 919 protestantes
2220 859 2395 919 dubi-

249 966 422 1029 tant
461 955 566 1014 hos
594 966 907 1037 propterea
941 965 1072 1014 tuto
1100 954 1202 1014 inv
1208 977 1374 1015 ocare
1412 965 1693 1038 poterunt
1734 955 1844 1035 (l).

332 1052 434 1110 78
486 1050 575 1111 Ad
607 1051 725 1127 4¹1¹
765 1053 927 1111 Dzst.
960 1051 1019 1111 Si
1048 1049 1341 1112 exclusive
1370 1051 1610 1131 singulis
1648 1052 1874 1110 Sanctis
1903 1049 2142 1133 aliquod
2176 1046 2397 1110 tribue·

251 1159 414 1208 retur
453 1145 807 1207 beneficium
847 1148 1112 1230 ipsorum
1155 1146 1570 1207 intercessione
1603 1148 2035 1223 obtinendum
2076 1159 2268 1207 tram.
2291 1172 2307 1222 ς
2349 1146 2399 1205 si

249 1266 359 1327 pro
389 1243 675 1304 divisione
712 1247 1068 1323 gratiarum
1109 1265 1291 1325 quas
1331 1254 1399 1302 ut
1432 1242 1694 1325 loquitur
1723 1244 2072 1326 Apostolus
2114 1246 2269 1303 Deus
2306 1242 2397 1301 di—

250 1340 400 1401 vidit
452 1351 630 1422 prout
672 1339 802 1399 vult
827 1385 843 1414 a
887 1362 1041 1398 unus
1075 1361 1198 1421 prae
1243 1337 1357 1397 alio
1397 1338 1706 1400 invocetur
1736 1362 1844 1422 pro
1886 1338 2163 1420 singulari
2203 1338 2397 1414 don0.‚

251 1459 369 1518 quo
419 1436 824 1518 unusquisque
878 1458 911 1494 a
960 1436 1082 1494 Deo
1123 1433 1406 1517 praeditus
1447 1446 1572 1510 est,
1605 1458 1737 1517 neq.
1792 1438 2030 1496 Frustra
2082 1447 2397 1518 propterea

251 1532 347 1591 hic
396 1531 618 1613 stylum
670 1531 994 1590 oratorium
1039 1541 1315 1591 exercent
1366 1533 1766 1591 protestantes
1800 1577 1817 1607 7
1884 1544 1943 1592 et
1995 1532 2285 1591 increduli
2335 1531 2399 1590 in

251 1628 625 1690 recensendis
662 1628 923 1704 Sanctis,
963 1628 1064 1711 qui
1092 1626 1188 1689 vel
1227 1626 1303 1685 ad
1343 1626 1666 1710 peculiares
1702 1626 1939 1687 morbos
1979 1626 2397 1710 depellendos⁷

253 1726 348 1797 vel
385 1725 459 1785 ad
494 1724 787 1808 peculiare
816 1724 1170 1784 beneficium
1207 1724 1651 1805 impetrandum
1682 1724 1941 1783 invocari
1970 1723 2162 1783 solent
2198 1724 2310 1803 (2).

335 1823 437 1883 79.
487 1821 579 1882 Ad
617 1825 734 1895 5¹¹¹.
772 1824 938 1883 Dz'st.
984 1821 1179 1880 Sancti
1220 1821 1538 1902 impetrare
1583 1819 1733 1879 nihil
1777 1830 2024 1902 possunt
2063 1840 2135 1878 ex
2176 1818 2399 1878 meritis

252 1917 643 2001 praesentibus
679 1930 740 1979 et
783 1918 1073 2001 propriis7
1123 1939 1321 1992 conc.;
1357 1940 1429 1977 ex
1472 1918 1695 1978 meritis
1740 1916 1956 1975 Christi
1981 1962 1996 1991 .,
2037 1914 2132 1976 vel
2176 1915 2400 1974 meritis

252 2015 506 2099 propriis
542 2013 1065 2089 antecedentibuS‚
1104 2036 1206 2074 seu
1242 2014 1435 2075 verius
1463 2014 1691 2074 ratione
1722 2013 1990 2073 amicitiae
2018 2023 2078 2072 et
2104 2010 2402 2070 charitatis

324 2238 392 2303 (1)
431 2238 583 2304 Atque
608 2237 686 2285 hic
714 2235 878 2285 sedulo
908 2235 1282 2283 animadverten-

254 2321 370 2370 dum
400 2331 498 2382 est,
530 2336 649 2386 saepe
677 2320 736 2369 ab
758 2320 1030 2369 adversariis
1056 2319 1151 2367 duo
1177 2336 1280 2382 per-

254 2407 465 2464 misceri,
488 2421 590 2470 quae
612 2404 835 2468 distingui
859 2405 1052 2450 omnino
1077 2401 1252 2450 debent
1268 2439 1281 2462 ‚

254 2495 362 2536 acta
393 2504 564 2553 nempe
587 2484 867 2535 Sanctorum
898 2496 944 2534 et
964 2484 1244 2533 Sanctorum
1267 2522 1281 2544 ‚

256 2588 459 2637 quorum
482 2580 583 2619 acta
610 2569 941 2635 proteruntur,
971 2571 1281 2618 existentiam.

255 2653 378 2702 Fieri
411 2654 537 2702 enim
567 2663 717 2718 potest
749 2663 802 2701 ut
836 2663 937 2701 acta
971 2654 1125 2718 spuria
1157 2654 1282 2711 sint,

255 2734 417 2783 Sancti
435 2745 590 2784 autem
614 2737 760 2801 reipsa
789 2738 1030 2784 extiterint
1062 2773 1074 2794 ‚
1107 2752 1179 2783 ex.
1213 2751 1283 2798 gr.

258 2833 423 2866 omnes
450 2816 547 2865 fere
574 2819 720 2865 critici
752 2821 1029 2867 recentiores
1059 2827 1286 2883 tanquam

259 2898 555 2966 supposititia
602 2898 782 2947 habent
822 2910 923 2948 acta
968 2899 1022 2950 S.
1066 2899 1287 2966 Dionysii

259 2984 532 3049 areopagitae
555 3019 568 3043 ‚
623 2980 676 3032 S.
733 2979 893 3030 Marias
949 2981 1240 3046 Magdalenae
1270 3019 1284 3042 ‚

261 3065 314 3115 S.
388 3065 587 3114 Marthae
626 3103 640 3126 ‚
716 3075 810 3114 etc.
873 3083 989 3113 num
1048 3076 1287 3130 propterea

262 3167 317 3198 ex
360 3165 415 3196 eo
434 3186 447 3208 ‚
494 3147 623 3215 quod
652 3147 883 3214 ejusmodi
909 3158 1010 3196 acta
1047 3157 1101 3195 ut
1132 3150 1286 3212 spuria

261 3228 562 3296 rejiciuntur,
581 3231 794 3280 dubitare
814 3234 1069 3296 poterimus
1097 3230 1154 3279 de
1172 3229 1288 3278 exis—

264 3316 409 3364 tentia
439 3324 519 3362 aut
555 3314 796 3365 sanctitate
842 3315 1090 3382 Dionysii,
1127 3314 1288 3362 Mariae

265 3397 556 3463 Magdalenae
588 3407 666 3445 aut
699 3395 928 3446 Marthae?
957 3398 1099 3447 Porro
1121 3435 1133 3457 ,
1162 3398 1290 3463 quod

265 3480 339 3528 his
363 3482 556 3547 contigit
576 3518 589 3540 ‚
610 3480 825 3546 pluribus
850 3481 953 3529 aliis
968 3480 1152 3529 Sanctis
1176 3498 1290 3530 con-

1362 2253 1459 2282 non
1491 2234 1711 2283 obtinent
1746 2238 1835 2283 nisi
1865 2237 1915 2284 in
1945 2235 2160 2284 Ecclesiis
2191 2237 2396 2301 particu-

1362 2315 1557 2367 laribus.
1595 2318 1662 2367 De
1693 2317 1932 2367 nonnullis
1964 2321 2161 2367 istorum
2203 2319 2395 2368 forsitan

1363 2401 1615 2467 aliquando
1645 2401 1847 2450 dubium
1880 2401 2080 2450 suboriri
2108 2412 2291 2467 posset3
2325 2411 2395 2450 ast

1364 2485 1422 2533 de
1461 2486 1622 2549 primis
1673 2487 1863 2534 nonnisi
1911 2503 2093 2534 summa
2140 2487 2396 2534 temeritate

1366 2567 1686 2616 dubitaretur.

1436 2651 1504 2714 (2)
1540 2650 1718 2701 Albert.
1762 2649 2004 2699 Fabricius
2037 2687 2051 2710 ‚
2100 2649 2387 2716 Biblioqra-

1356 2733 1485 2801 Phia
1525 2734 1842 2799 antiquaria,
1897 2751 1999 2798 cap.
2037 2729 2106 2790 8,
2162 2731 2188 2799 §
2237 2733 2300 2782 23
2351 2743 2395 2782 et

1365 2834 1464 2884 seq.
1497 2818 1652 2882 plures
1680 2818 1878 2865 insumit
1909 2817 2097 2881 paginas
2119 2809 2395 2880 in'catalogo

1366 2901 1561 2949 texendo
1579 2900 1857 2949 Sanctorum
1887 2899 2157 2948 tutelarium
2178 2936 2190 2958 ‚
2214 2908 2260 2946 et
2279 2915 2393 2963 prae-

1366 2984 1552 3032 fecturae
1571 3021 1583 3044 ‚
1617 2994 1668 3031 ut
1701 2985 1797 3049 ipse
1825 2992 1989 3043 vocat,
2016 2981 2197 3030 Sanctis
2221 2983 2270 3028 in
2298 2980 2392 3028 Ec-

1367 3067 1506 3115 clesia
1539 3066 1751 3114 Romana
1784 3066 1985 3114 tributae.
2015 3063 2082 3112 Ex
2111 3080 2166 3111 eo
2202 3062 2396 3127 proinde

1370 3167 1570 3213 pronum
1592 3150 1678 3197 fuit
1692 3147 1989 3213 scriptoribus
2006 3144 2366 3211 protestantibus
2381 3181 2394 3202 ‚

1370 3233 1450 3296 qui
1488 3249 1598 3279 eum
1636 3231 1870 3279 subsecuti
1908 3237 2052 3288 sunt,
2092 3229 2399 3293 repertorium

1370 3331 1600 3379 quaerere,
1647 3323 1699 3360 ut
1730 3311 1986 3359 illuderent
2020 3310 2293 3359 Catholicis,
2325 3309 2404 3357 Ast

1370 3397 1598 3461 ejusmodi
1643 3411 1715 3443 ars
1761 3395 1887 3459 apud
1931 3391 2147 3442 cordatos
2193 3403 2405 3442 auctores

1370 3479 1485 3528 adeo
1531 3478 1702 3536 viluit,
1756 3487 1837 3536 ut,
1879 3480 1917 3524 si
1950 3478 2150 3542 excipias
2180 3476 2405 3541 gregarios

266 3562 859 3629 tingerepotuit.Praeterea
877 3563 1102 3629 distingui
1121 3564 1294 3613 debent
1377 3561 1604 3628 quosdam
1651 3560 1831 3608 nullius
1871 3562 2077 3609 nominis
2120 3561 2400 3623 scriptores,

269 3643 460 3706 Sancti,
483 3649 564 3713 qui
581 3649 858 3695 invocantur
885 3658 967 3695 aut
993 3648 1215 3696 coluntur
1236 3646 1294 3696 ab
1378 3646 1453 3693 vix
1480 3646 1579 3709 jam
1612 3645 1869 3708 reperiatur
1890 3680 1903 3702 ‚
1940 3645 2022 3709 qui
2060 3642 2118 3691 ad
2154 3659 2256 3690 eam
2290 3656 2404 3688 con-

269 3726 482 3778 universa
516 3727 721 3778 Ecclesia
741 3766 754 3790 ‚
791 3728 850 3777 ab
881 3730 969 3790 iis,
1001 3732 1084 3796 qui
1116 3731 1295 3779 cultum
1379 3728 1549 3794 fugiat.
