2534 4088
262 247 425 285 PART.
473 247 512 282 1.
561 244 687 281 CAP.
735 243 802 279 11.
851 243 918 278 DE
962 228 1116 278 EPOG.
1166 242 1230 277 m*
1276 241 1451 278 OFFIC.
1495 239 1665 276 Pnom.
1716 237 1947 275 MESSIAE.
2121 217 2199 274 29

103 396 463 446 constantem
488 386 523 442 J
530 383 829 442 udaeorum
859 381 1230 441 traditionem
1259 427 1275 455 7
1310 382 1430 442 sive
1466 379 1864 452 Rabbinorum
1901 379 2203 438 confessio-

102 503 238 541 nem
269 492 328 540 et
354 477 560 559 agendi
592 478 878 536 rationem
897 522 913 551 7
946 477 1067 538 sive
1090 477 1342 558 denique
1378 478 1460 535 rei
1482 476 1660 556 ipsius
1695 474 2070 557 inspiciamus
2101 495 2204 533 na-

106 587 298 634 turam
317 619 333 648 7
366 584 579 632 certam
617 571 858 630 omnino
882 592 947 630 ac
980 570 1428 631 determinatam
1455 591 1578 630 esse
1605 570 1888 652 epocham
1913 570 2202 633 adventus

106 669 322 728 Messiae
347 667 702 750 apertissime
729 666 1034 727 evincitur.

909 867 1393 911 DIFFICULTATES.

189 1024 283 1081 50.
322 1022 455 1102 Obj.
493 1023 555 1080 10
598 1019 769 1080 Haud
803 1018 970 1100 pauci
1018 1038 1087 1076 ex
1134 1015 1489 1076 doctioribus
1545 1014 1825 1075 Rabbinis
1873 1016 2028 1076 inter
2074 1039 2209 1100 sep-

108 1129 228 1178 tem
253 1140 347 1177 eas
370 1139 461 1176 res
478 1160 499 1188 ,
534 1136 674 1197 quas
696 1111 1030 1171 hominibus
1062 1134 1300 1194 prorsus
1342 1112 1568 1191 ignotas
1596 1123 1933 1186 recensent7
1981 1123 2212 1194 tempus

107 1214 281 1272 etiam
316 1209 622 1270 includunt
656 1207 1035 1266 restitutionis
1057 1208 1221 1287 regni
1246 1206 1508 1266 Davidici
1535 1228 1637 1266 seu
1668 1208 1911 1267 Messiae.
1948 1207 2017 1264 2⁰
2046 1207 2216 1280 Quod

108 1330 227 1366 non
268 1305 483 1386 absque
539 1302 920 1362 fundamento
964 1302 1037 1361 ab
1085 1303 1222 1385 ipsis
1270 1303 1392 1362 fieri
1435 1348 1450 1378 7
1496 1314 1838 1382 argumento
1881 1314 1970 1362 est
2014 1302 2216 1384 Angeli

107 1398 404 1460 Danielem
426 1448 439 1468 ‚
478 1399 585 1458 XII
608 1443 624 1473 7
651 1398 720 1473 9,
751 1397 1098 1480 alloquentis
1136 1399 1476 1480 responsiog
1523 1419 1656 1457 cum
1697 1398 1857 1457 enim
1885 1396 2092 1457 Daniel
2141 1396 2216 1456 ab

108 1493 324 1573 Angelo
348 1493 664 1552 sciscitatus
693 1504 845 1553 esset
869 1504 1103 1574 tempus
1119 1537 1140 1565 ,
1166 1514 1283 1575 quo
1314 1493 1546 1552 Messias
1566 1503 1716 1552 esset
1746 1504 2028 1552 venturus
2054 1538 2070 1567 7
2103 1513 2218 1552 res—

105 1588 312 1671 pondit
367 1588 616 1668 Angelus
662 1611 675 1646 ε
731 1589 933 1647 Clausi
984 1599 1131 1647 sunt
1190 1593 1531 1668 saynatique
1575 1609 1868 1647 sermones
1907 1609 2092 1666 usque
2137 1587 2226 1645 ad

101 1685 468 1763 proefim’tum
497 1696 741 1763 tempus.
784 1681 1006 1757 Quibus
1047 1681 1242 1744 verbis
1276 1705 1399 1741 non
1441 1681 1684 1742 obscure
1724 1682 2045 1743 insinuavit
2092 1680 2218 1740 dies

108 1781 325 1839 Messiae
349 1778 716 1839 absconditos
741 1777 1077 1837 hominibus
1113 1799 1252 1837 esse.
1293 1780 1457 1858 ErgO.

188 1874 286 1932 51.
336 1876 507 1956 Resp.
540 1872 616 1933 ad
646 1874 751 1947 11117
779 1875 936 1934 Dist.
973 1875 1111 1932 Post
1138 1872 1354 1932 Christi
1383 1873 1710 1935 adventum
1729 1919 1745 1948 7
1779 1895 1881 1933 seu
1909 1884 1976 1931 ut
2001 1872 2113 1955 ipsi
2138 1871 2222 1932 lo-

109 1983 370 2053 quuntur
389 2016 404 2046 7
434 1982 567 2054 post
586 1991 861 2050 magnam
886 1969 1310 2052 dispersionem
1343 2014 1359 2043 7
1386 1980 1606 2043 trans.;
1647 1980 1785 2028 ante
1812 1967 1872 2026 id
1903 1968 2218 2050 temporis7

111 2088 239 2146 neq.
259 2066 353 2125 Nil
366 2067 581 2125 mirum
599 2113 615 2142 7
632 2065 680 2124 si
694 2065 1040 2125 recentiores
1054 2063 1328 2124 nonnulli
1351 2063 1627 2139 Rabbini7
1651 2064 1979 2146 anticipatis
1987 2063 2221 2142 judiciis

114 2159 269 2219 ducti
294 2206 310 2235 7
338 2161 625 2221 incertum
650 2183 772 2222 esse
794 2159 1206 2220 contenderint
1233 2171 1465 2242 tempus
1489 2161 1756 2242 promissi
1781 2160 2004 2219 Messiae
2027 2205 2043 2234 7
2080 2179 2216 2218 cum

118 2255 384 2314 Messiam
427 2278 730 2334 agnoscere
777 2255 1076 2315 noluerint
1117 2255 1335 2338 epocha
1392 2278 1424 2314 a
1468 2257 1760 2339 Scriptura
1805 2275 1870 2313 ac
1910 2253 2224 2314 traditione

114 2349 418 2430 praefinita.
444 2349 537 2407 Sic
561 2351 718 2408 enim
743 2349 1008 2409 arbitrati
1030 2362 1169 2409 sunt
1189 2396 1205 2425 7
1260 2373 1320 2410 se
1357 2373 1526 2433 posse
1561 2361 1880 2432 utcumque
1927 2349 2221 2410 declinare

114 2463 349 2502 omnem
394 2443 514 2502 vim
557 2455 1033 2523 argumentorum
1056 2487 1078 2516 ,
1109 2444 1317 2525 quibus
1347 2467 1379 2503 a
1406 2445 1746 2504 Christianis
1775 2443 2219 2526 premebantur.

117 2537 189 2595 At
221 2558 536 2619 paucorum
577 2549 730 2598 certe
770 2560 836 2598 ea
875 2538 1071 2620 opinio
1107 2583 1122 2614 7
1169 2558 1270 2597 seu
1312 2540 1505 2620 potius
1541 2539 1818 2618 effugium
1854 2549 1977 2611 est7
2010 2539 2058 2596 si
2090 2559 2225 2597 cum
2285 2584 2292 2591 .

115 2631 426 2691 universali
458 2630 702 2710 judaicae
744 2633 930 2712 gentis
973 2653 1146 2692 sensu
1189 2643 1248 2690 et
1291 2631 1603 2692 traditione
1633 2678 1648 2708 7
1694 2653 1758 2692 ac
1801 2632 2228 2715 praecipuorum

117 2723 518 2784 Rabbinorum
550 2726 839 2787 sententia
873 2737 1262 2808 comparetur.
1310 2729 1388 2786 Ut
1429 2727 1649 2809 aliquid
1690 2728 1860 2809 pauci
1905 2727 2035 2802 isti7
2082 2749 2227 2809 quos

119 2820 527 2900 impugnamus
553 2867 569 2895 7
615 2822 964 2903 proficerent
984 2867 1000 2895 7
1040 2820 1325 2881 deberent
1376 2821 1683 2882 ostendere
1721 2867 1737 2897 7
1781 2821 1960 2882 talem
2010 2822 2229 2904 pariter

122 2914 453 2975 Judaeorum
485 2916 691 2975 animis
732 2916 1013 2976 insedisse
1040 2917 1393 2976 sententiam
1436 2928 1572 2977 ante
1619 2917 1835 2977 Christi
1869 2915 2225 2990 adventum3

124 3009 280 3091 quod
308 3011 565 3093 profecto
593 3033 896 3092 nunquam
917 3009 1275 3092 praestabunt
1295 3057 1312 3087 7
1332 3032 1466 3071 cum
1506 3012 1699 3071 omnia
1728 3011 1881 3070 illius
1910 3010 2095 3070 aetatis
2130 3010 2230 3070 do-

125 3117 393 3165 cumenta
436 3107 789 3166 contrarium
830 3127 1070 3188 prorsus
1112 3108 1406 3168 evincant.

209 3200 307 3259 52.
357 3201 445 3260 Ad
477 3203 593 3274 2¹1¹,
624 3202 776 3283 Ney.
806 3201 1110 3261 Danielem
1153 3203 1503 3261 sciscitatum
1547 3222 1670 3260 esse
1712 3199 1785 3259 ab
1829 3200 2046 3281 Angelo
2087 3211 2232 3260 tem-

132 3314 238 3373 pus
269 3295 445 3355 futuri
488 3299 745 3372 Messiae7
775 3319 909 3356 cum
932 3296 1090 3356 istud
1126 3297 1177 3356 ei
1213 3302 1336 3374 jam
1376 3295 1702 3357 revelatum
1738 3295 1913 3355 fuerit
1938 3316 2064 3377 cap.
2107 3296 2227 3365 ΙΧς

133 3407 238 3446 nec
277 3402 584 3472 propterea
626 3392 830 3472 Angeli
875 3392 1174 3473 responsio
1216 3390 1292 3450 ad
1330 3391 1440 3449 hoc
1479 3401 1710 3472 tempus
1751 3389 2019 3450 refertur.
2084 3388 2233 3447 Cita-

132 3480 204 3538 tis
242 3484 483 3563 proinde
529 3485 723 3546 verbis
768 3487 1121 3566 significatur
1148 3531 1165 3559 7
1210 3484 1450 3545 obscura
1502 3505 1625 3544 esse
1679 3483 1892 3544 debere
1920 3529 1936 3556 7
1989 3501 2116 3564 quae
2170 3482 2235 3540 in

132 3576 338 3635 eodem
367 3581 549 3661 capite
577 3581 953 3642 continentur
971 3627 987 3656 7
1022 3581 1208 3639 donec
1230 3579 1634 3662 compleantur
1654 3625 1668 3654 7
1697 3600 1826 3661 quae
1846 3576 2066 3636 ibidem
2093 3597 2236 3658 prae-

133 3670 283 3731 dicta
310 3682 463 3732 sunt.
485 3675 843 3737 Dissentiunt
865 3698 1039 3760 porro
1063 3676 1442 3759 interpretes7
1474 3672 1548 3735 de
1583 3695 1838 3756 quanam
1863 3693 1926 3733 re
1961 3670 2061 3732 hic
2093 3692 2236 3752 prae-
