2534 4088
297 138 417 198 278

982 158 1182 194 TRACT.
1232 158 1300 193 DE
1343 159 1552 196 mcum
1562 160 1783 197 amomi.

305 315 463 364 ctam
496 320 774 382 supremo
802 297 985 356 latriae
1019 296 1184 356 cultu
1214 318 1336 358 esse
1361 299 1760 377 adorandam3
1789 303 1869 361 ita
1899 302 2248 363 Athanasius
2263 306 2446 388 ‚Epi-

300 399 584 484 phanius
608 393 918 473 Gregorius
937 394 1075 453 Naz.
1098 405 1276 476 atque
1300 395 1628 476 Nyssenus
1653 398 2025 472 Ambrosius
2058 399 2444 479 AugustinUS,

301 498 559 555 Joannes
587 493 1027 563 ”Damascenus
1065 489 1284 572 aliique
1322 491 1483 572 apud
1523 495 1831 556 Petavium
1875 492 1990 576 (1).
2034 497 2120 555 Ne
2160 494 2447 578 longiores

302 591 516 663 simus,
558 607 738 669 quam
774 606 882 667 par
919 597 1043 661 est,
1092 608 1199 645 nos
1228 587 1403 646 unius
1428 589 1737 670 Augustini
1769 590 1949 650 verba
1975 592 2341 674 proferemus
2377 613 2448 652 ex

301 683 572 745 Patribus
596 682 794 741 latinis
812 726 829 755 ,
858 693 918 740 et
937 683 1108 741 Joan.
1138 684 1483 744 Damasceni
1510 706 1580 744 ex
1607 686 1877 746 Patribus
1907 689 2116 766 graeciS.
2154 690 2245 748 Sic
2273 689 2450 769 igitur

303 781 564 863 loquitur
590 781 650 839 S.
685 779 1041 858 Augustinus
1059 825 1074 852 .,
1101 800 1382 840 enarrans
1404 780 1585 841 verba
1609 783 1703 841 Ps.
1735 782 1968 842 XCVIII
1989 829 2005 857 a
2037 786 2298 844 Adorate
2326 807 2451 844 sca-

302 880 524 938 bellum
551 877 946 961 pedumejus
977 901 994 934 .·
1023 878 1364 936 Fluctuaus
1395 889 1665 937 converto
1693 901 1787 938 me
1813 880 1900 937 ad
1927 879 2268 951 Christum,
2297 884 2451 960 quia

304 980 513 1054 i'psum
553 994 760 1053 quoero
788 973 921 1046 hicg
956 983 1011 1031 et
1051 978 1315 1048 invenie,
1344 976 1630 1053 quomodo
1659 979 1793 1058 sine.
1830 979 2136 1052 impietate
2165 977 2455 1036 adoretur

303 1083 503 1142 terra,
536 1074 669 1127 sine
702 1072 1008 1149 impietate
1044 1070 1333 1127 adoretur
1365 1072 1693 1129 scabellum
1715 1073 1950 1151 pedum
1983 1076 2134 1151 ejuS.
2179 1073 2456 1151 Suscepit

302 1171 470 1227 enim
500 1167 572 1225 de
603 1177 767 1224 terra
797 1176 1024 1224 terram
1061 1189 1076 1237 ς
1118 1169 1270 1244 quia
1303 1187 1444 1224 caro
1475 1166 1544 1223 cle
1575 1178 1739 1226 terra
1769 1179 1853 1226 est
1865 1212 1885 1239 ,
1917 1178 1975 1227 et
2005 1169 2076 1226 cle
2102 1189 2287 1227 carne
2315 1169 2452 1228 Ma-

299 1271 415 1324 rioe
444 1285 692 1323 caruem
717 1265 968 1342 aceepit.
1001 1262 1091 1321 Et
1114 1269 1260 1340 quia
1288 1265 1359 1320 in
1376 1267 1515 1341 ipsa
1533 1283 1717 1322 carne
1746 1265 1843 1323 hic,-
1873 1267 2248 1338 ambulavit,
2280 1275 2336 1322 et
2362 1269 2454 1345 ip·

302 1383 436 1422 sam
472 1379 721 1418 earnem
754 1360 930 1417 nobis
965 1359 1470 1416 manducandam
1499 1360 1586 1417 ad
1615 1362 1867 1419 salutem
1894 1362 2090 1435 declit3
2141 1381 2312 1420 nemo
2344 1382 2455 1419 au-

306 1469 422 1516 tem
458 1458 632 1515 illam
673 1475 927 1514 carnem
949 1455 1325 1529 manducat,
1360 1457 1488 1513 uisi
1511 1460 1696 1535 prius
1725 1456 2103 1530 adoraverit·;
2137 1450 2454 1515 inventum

306 1564 423 1625 est,
455 1552 964 1632 quemadmodum
995 1551 1285 1609 adoretur
1315 1552 1430 1609 tale
1458 1552 1787 1610 scabellum
1809 1554 2101 1625 Domini,
2136 1564 2193 1612 et
2215 1574 2338 1611 uon
2362 1575 2455 1612 so-

306 1652 437 1708 lum
477 1670 600 1707 non
626 1667 944 1729 peccemus
979 1647 1295 1706 adorando
1316 1693 1331 1723 7
1369 1648 1473 1707 sed
1486 1668 1803 1728 peccemus
1825 1670 1948 1707 uon
1985 1649 2298 1708 adorando
2334 1649 2449 1729 (2).

310 1747 367 1804 S.
412 1755 613 1804 autem
649 1746 821 1804 Joan.
854 1745 1250 1803 Damascenus
1287 1744 1580 1804 rationem
1619 1755 1902 1826 praeterea
1939 1744 2326 1825 theologicam
2358 1745 2454 1803 in-

312 1950 553 1999 hominem
579 1952 838 2017 perfectum
862 1969 916 2000 ac
941 1953 1089 1999 nostri
1111 1951 1339 2012 similem3

317 2033 398 2081 sed
430 2034 579 2083 solam
613 2051 802 2084 carnem
827 2053 852 2083 a
885 2033 1044 2082 Verbo
1073 2051 1172 2082 esse
1196 2049 1344 2082 susce-

316 2126 446 2181 ptam
468 2154 482 2176 ‚
502 2134 700 2183 eamque
717 2134 742 2165 e
761 2117 876 2165 coelo
893 2117 1146 2181 delapsam,
1163 2126 1207 2165 et
1221 2115 1343 2164 Patri

318 2196 543 2261 ὅμοοῦσιον
561 2237 574 2261 ‚
602 2200 694 2248 hoc
709 2210 777 2249 est
798 2235 812 2261 ‚
833 2200 1045 2266 ejusdem
1059 2200 1344 2249 substantiae

316 2298 426 2330 cum
459 2281 557 2330 Deo
586 2292 878 2341 statuerunt,
910 2293 964 2331 ut
991 2283 1214 2331 latissime
1247 2293 1342 2331 tra·

317 2363 386 2411 dit
413 2362 468 2413 S.
491 2364 785 2422 ¹Athanasius
812 2368 862 2414 in
891 2365 977 2414 lib.
1000 2365 1080 2414 De
1099 2364 1342 2414 lucarna-

313 2446 475 2509 tione,
521 2450 603 2514 qui
648 2449 752 2497 illos
795 2459 1037 2514 propterea
1080 2449 1339 2514 arguebat,

319 2531 446 2595 quod
492 2530 867 2580 incarnationem
914 2549 1072 2581 revera
1116 2550 1142 2580 e
1188 2532 1343 2580 medio

318 2613 564 2674 tollerent,
599 2615 687 2662 hoc
715 2622 815 2675 est,
850 2616 1070 2663 humanae
1097 2618 1246 2663 carnis
1277 2632 1346 2663 as-

321 2690 634 2760 sumptionem
664 2734 678 2755 ,
727 2715 815 2746 nec
861 2697 987 2745 aliud
1036 2708 1345 2763 praeterquam

320 2777 468 2826 solam
499 2781 650 2826 carnis
673 2782 873 2843 speciem
896 2797 951 2828 ac
974 2781 1149 2829 larvam
1180 2781 1347 2828 admit·

320 2870 502 2922 terent,
540 2861 942 2928 quemadmodum
980 2862 1264 2911 Marcionitae
1302 2872 1347 2911 et

323 2942 586 2992 Manichaei.
617 2944 714 2993 Hac
749 2955 987 3009 propterea
1018 2962 1228 3008 perversa
1257 2948 1347 2992 im·

322 3025 425 3074 buti
452 3030 680 3076 sententia
706 3020 892 3075 unicam
909 3025 1097 3074 Christo
1117 3027 1350 3075 docebant

325 3108 642 3158 adorationem
673 3127 770 3159 esse
797 3109 1109 3157 tribuendam.
1132 3106 1349 3157 Ceterum

324 3190 426 3239 haec
456 3194 793 3242 animadversio
828 3194 1007 3243 confert
1039 3205 1141 3242 tum
1176 3194 1237 3241 ad
1273 3197 1350 3242 in-

326 3273 627 3340 telligentiam
671 3279 863 3325 canonis
906 3295 984 3338 ix,
1024 3294 1164 3344 quem
1192 3277 1350 3325 attuli-

325 3374 464 3419 mus,
503 3357 650 3408 Conc.
682 3379 712 3409 v
754 3362 1009 3426 generalis,
1043 3368 1146 3410 tum
1187 3360 1246 3409 ad
1277 3363 1351 3412 in-

324 3440 631 3507 telligentiam
671 3444 1008 3493 nonnullorum
1041 3443 1232 3493 Patrum
1260 3453 1352 3492 tes-

325 3529 632 3576 timoniorum
663 3565 676 3588 ‚
730 3531 810 3594 qui
863 3530 1074 3594 praei'atos
1119 3530 1354 3577 haereticos

326 3612 678 3675 impugnarunt.
718 3610 946 3659 Catholici
985 3623 1142 3660 autem
1182 3622 1226 3660 et
1264 3613 1350 3677 ipsi

324 3691 522 3753 docent,
545 3697 679 3743 unica
698 3694 964 3743 adoratione
984 3698 1031 3742 in
1053 3707 1247 3761 utraque
1266 3712 1349 3742 na·

1429 1962 1530 1999 tura
1548 1948 1785 1999 Christum
1817 1968 1914 1999 esse
1940 1950 2316 2017 prosequendum
2335 1987 2349 2011 ‚
2374 1948 2454 1999 sed

1428 2031 1489 2082 ob
1515 2036 1741 2082 unitatem
1779 2048 2003 2098 personae.

1496 2116 1558 2180 (1)
1597 2115 1706 2164 Lib.
1735 2133 1793 2164 xv
1815 2153 1827 2176 ‚
1854 2133 1955 2181 cap.
1989 2114 2017 2163 3
2041 2153 2054 2176 ‚
2085 2113 2111 2182 S
2141 2131 2169 2183 7
2207 2124 2252 2163 et
2282 2130 2418 2181 seqq.

1502 2200 1570 2264 (2)
1607 2197 1800 2248 Enarr.
1829 2200 1886 2247 in
1916 2197 2058 2247 Psal.
2094 2214 2233 2247 xcvm
2253 2234 2267 2256 ‚
2296 2215 2349 2246 n.
2385 2213 2419 2264 9
2438 2235 2452 2257 ‚

1427 2284 1539 2335 edit.
1581 2281 1738 2333 Maur.
1786 2293 1900 2330 tom.
1947 2299 2015 2331 zv.
2062 2280 2306 2329 Adnotant
2346 2298 2454 2329 vero

1426 2366 1631 2416 Maurini
1668 2367 1863 2414 editores
1886 2383 1997 2430 opp.
2026 2364 2079 2413 S.
2110 2350 2374 2424 Ambrosii,
2403 2365 2455 2411 in

1425 2461 1534 2500 nota
1572 2450 1631 2498 ad
1677 2467 1727 2497 n.
1775 2465 1872 2516 79,
1908 2447 2015 2495 libri
2050 2461 2108 2494 111
2146 2445 2223 2495 De
2257 2445 2453 2512 Spiritu

1426 2533 1604 2582 Sancto
1636 2571 1650 2592 .,
1715 2530 1766 2581 S.
1841 2530 2152 2595 Augustinum
2231 2527 2449 2576 fidelissi-

1430 2635 1561 2665 mum
1611 2615 1658 2664 S.
1705 2614 1936 2662 Ambrosii
1974 2610 2286 2677 discipulum,
2342 2628 2451 2659 cum

1429 2708 1677 2765 exponeret
1693 2700 1901 2763 superius
1917 2698 2107 2744 citatum
2125 2695 2183 2742 ab
2206 2693 2451 2742 Ambrosio

1429 2783 1601 2832 Psalmi
1627 2799 1767 2831 xcvm
1798 2797 1976 2829 versum
1998 2796 2011 2827 :
2033 2778 2247 2826 Adorate
2271 2775 2453 2824 scabel-

1430 2867 1530 2914 lum
1553 2865 1734 2933 pedum
1764 2866 1900 2931 ejus,
1932 2874 1982 2913 ut
2013 2879 2121 2910 eum
2154 2858 2452 2908 Sacramento

1432 2950 1584 2999 altaris
1603 2947 2006 3005 accommodaret,
2039 2962 2136 2992 non
2161 2942 2312 2990 solum
2338 2943 2450 2989 Am-

1431 3033 1671 3080 brosianas
1694 3032 1972 3089 sententias,
2004 3027 2082 3075 sed
2113 3033 2160 3074 et
2187 3023 2326 3073 verba
2354 3025 2453 3088 ipsa

1434 3125 1698 3162 mutuatum
1736 3129 1851 3162 esse.
1892 3110 1987 3158 cfr.
2014 3108 2072 3158 S.
2107 3107 2324 3155 Ambros.
2363 3107 2449 3154 loc.

1433 3201 1513 3246 cit.
1543 3208 1658 3246 tom.
1678 3212 1740 3255 11,
1769 3212 1874 3259 opp.
1906 3210 2011 3256 pag.
2038 3186 2131 3239 681
2158 3228 2171 3250 ,
2205 3207 2313 3238 cum
2341 3199 2452 3236 nota

1435 3282 1659 3345 apposita.
1691 3275 1997 3325 Ineluctabile
2032 3276 2158 3322 enim
2191 3275 2248 3320 in
2282 3274 2456 3320 utrius·

1435 3379 1526 3429 que
1562 3361 1609 3409 S.
1646 3359 1789 3409 Patris
1824 3359 1975 3406 verbis
2011 3375 2087 3422 arg,
2073 3365 2335 3404 umentum
2369 3354 2456 3421 ha-

1433 3446 1604 3504 betur,
1633 3443 1759 3510 quod
1784 3441 1932 3490 obiter
1957 3441 2092 3499 dico,
2120 3439 2321 3504 pristinae
2349 3405 2457 3484 fidei

1438 3530 1558 3576 circa
1613 3527 1785 3574 realem
1838 3524 2006 3572 Cluisti
2063 3522 2351 3588 praesentiam
2407 3520 2458 3566 in

1435 3610 1721 3660 Eucharistia
1743 3646 1755 3669 ‚
1791 3624 1844 3655 ac
1875 3622 2146 3672 supremum
2180 3603 2322 3653 latriae
2355 3599 2455 3650 cul·-

1435 3704 1535 3742 tum
1570 3691 1718 3741 eidem
1752 3688 2091 3739 exhibendum.
