2534 4088
324 217 482 252 PAR‘r.
517 217 558 250 1.
586 215 707 250 cu.
741 213 801 249 11.
848 213 915 247 nn
958 212 1113 248 Broc.
1163 213 1228 247 m·
1272 211 1447 247 orric.
1497 209 1658 247 PROM.
1705 209 1933 247 messum.
2105 189 2180 247 33

86 371 270 455 porali
288 415 303 445 ,
328 390 514 441 conc.;
548 366 737 426 sermo
765 375 852 424 est
872 362 944 438 de
973 360 1181 432 Messia'
1200 362 1294 423 vel
1323 363 1540 422 Messiae
1569 361 1825 424 adventu
1844 406 1860 437 ,
1886 383 2015 450 neq.
2052 365 2181 449 Ipsa

87 464 344 545 ejusdem
366 461 564 543 capitis
589 460 811 538 integra
834 458 1008 518 series
1036 458 1098 517 id
1128 457 1360 517 abunde
1389 456 1660 516 ostendit.
1691 456 2181 539 Resipiscentibus

86 559 371 642 siquidem
387 558 420 616 J
427 555 600 614 udaeis
624 552 929 636 pollicetur
955 555 1107 612 Deus
1128 599 1143 628 ,
1179 574 1239 612 se
1267 574 1361 612 eos
1398 551 1772 610 reducturum
1809 549 1882 610 ab
1907 553 2181 612 extremis

86 653 292 714 mundi
310 649 572 734 partibus
597 694 613 723 a
639 669 702 707 ac
724 648 796 706 de
820 648 1039 706 cunctis
1069 645 1335 727 gentibus
1353 691 1367 718 ,
1402 645 1557 703 inter
1580 666 1721 726 quas
1746 646 1908 723 ejecti
1931 645 2171 722 fuerint,

87 751 148 808 in
171 760 387 807 terram
416 755 654 826 patrum
677 764 913 801 suorum
939 767 954 815 ς
985 762 1045 801 se
1078 740 1405 800 soluturum
1440 739 1700 819 ipsorum
1734 740 2135 821 captivitatem
2162 786 2178 815 ,

87 865 151 902 ac
190 861 604 901 conversurum
640 839 703 896 in
747 837 1005 896 hostium
1055 835 1239 916 capita
1285 833 1638 892 calamitates
1671 879 1686 907 ‚
1744 833 1952 914 quibus
1989 836 2180 895 afflicti

88 926 303 997 fuerint
324 981 340 1010 ‚
376 936 422 993 si
456 946 652 992 tamen
683 932 900 990 sincera
925 929 1036 988 erit
1067 928 1327 1009 ipsorum
1366 927 1710 1008 poenitentia
1748 940 1963 1007 3prout
1993 931 2182 1013 reipsa

91 1035 257 1092 toties
286 1032 502 1090 factum
527 1048 648 1088 esse
672 1016 978 1106 Scripturae
1009 1023 1149 1104 ipsae
1187 1033 1479 1081 testantur
1503 1022 1612 1101 (l).

175 1109 268 1184 63.
313 1124 403 1184 Ad
443 1124 548 1195 3¹¹¹,
589 1123 748 1187 Dist.
798 1118 874 1177 At
900 1137 1026 1176 sero
1055 1116 1259 1191 nimiS‚
1289 1137 1390 1175 seu
1420 1127 1554 1197 post
1587 1115 1810 1197 elapsos
1838 1117 2116 1176 terminos
2150 1142 2183 1179 a

93 1218 395 1301 Prophetis
425 1215 764 1297 significatos
788 1233 896 1293 pro
924 1212 1145 1270 Messiae
1171 1210 1431 1272 adventu
1449 1256 1464 1285 .,
1495 1231 1680 1285 conc.;
1712 1221 1875 1273 vetus
1896 1232 2179 1292 synagoga

95 1326 155 1375 et
192 1324 326 1372 ante
360 1310 614 1391 elapsam
644 1304 927 1386 ejusmodi
951 1304 1230 1388 epocham
1259 1350 1276 1380 .,
1301 1327 1430 1387 neq.
1466 1305 1592 1365 Huc
1617 1304 1810 1387 denuo
1837 1317 2178 1382 recurrunt,

96 1427 222 1488 quae
239 1403 499 1487 superius
526 1399 1041 1465 animadvertimus
1062 1398 1136 1459 de
1174 1400 1387 1461 veteris
1431 1421 1730 1483 synagogae
1766 1421 1940 1460 sensu
1972 1421 2038 1460 ac
2071 1411 2185 1460 tra-

93 1499 313 1559 ditione
352 1497 459 1580 (2).

883 1659 1287 1715 PROPOSITIO
1324 1661 1417 1713 III.

97 1818 414 1878 Advenisse
455 1817 741 1877 Messiam
781 1838 821 1875 a
861 1817 983 1876 Deo
1014 1822 1384 1895 promissum
1424 1826 1600 1895 atque
1640 1837 1680 1875 a
1719 1814 1770 1877 J
1767 1818 1955 1877 udoeis
1986 1837 2192 1897 empec-

178 1923 371 1971 tatum
391 1956 407 1986 7
415 1911 669 1989 jamdiu
689 1912 900 1991 elapsae
939 1911 1200 1990 epochaej,
1234 1912 1663 1991 prophetarum
1704 1914 1961 1971 oraculis
2000 1913 2192 1972 deter-

181 2010 429 2065 minatae
449 2050 466 2082 ,
512 2008 978 2065 luculentissime
1018 2006 1348 2065 ostendunt.

186 2207 283 2266 64.
330 2210 512 2287 Hujus
561 2209 969 2291 propositionis
1013 2209 1322 2270 veritatem
1383 2208 1659 2269 evincunt
1710 2208 1944 2290 epochae
1992 2200 2207 2268 omnes

99 2301 323 2379 jamdiu
342 2302 642 2384 completae
659 2349 675 2377 ,
710 2324 836 2384 quae
865 2304 1131 2363 Messiam
1154 2303 1488 2385 respiciunt.
1515 2305 1594 2361 Ut
1618 2303 1733 2362 suis
1757 2314 1958 2362 tamen
1982 2303 2195 2362 finibus

110 2397 473 2455 contineatur
491 2398 803 2477 propositio
823 2442 839 2471 ,
867 2418 974 2457 nec
988 2401 1147 2474 justo
1167 2396 1394 2479 longior
1411 2396 1620 2458 evadat
1642 2442 1658 2471 .,
1682 2398 1905 2479 potiora
1926 2398 2197 2458 vaticinia

114 2489 496 2571 expendenda
537 2489 875 2570 seligemm,
918 2491 980 2548 in
1018 2489 1226 2571 quibus
1261 2491 1516 2571 praefatae
1554 2492 1790 2571 epochae
1838 2492 2199 2572 apertissime

113 2584 560 2644 constituuntur.
592 2584 745 2643 Talia
773 2595 911 2646 sunt
924 2583 1218 2663 oraculum
1246 2583 1600 2659 Jacobaeum‚
1627 2585 1969 2646 vaticinium
1993 2585 2201 2644 Danie-

111 2677 204 2752 lis,
219 2698 326 2737 nec
353 2699 473 2737 non
498 2677 818 2759 prophetiae
840 2679 1026 2758 Aggaei
1043 2698 1107 2758 ac
1130 2677 1420 2738 Malachiae
1441 2704 1456 2752 ς
1483 2700 1612 2760 quae
1633 2681 1680 2738 si
1704 2680 1947 2749 seorsim>
1966 2690 2200 2761 sumpta

115 2794 240 2832 rem
260 2774 570 2833 conficiunt
584 2818 601 2848 ,
628 2773 799 2833 simul
812 2774 1109 2856 proposita
1124 2774 1503 2833 eam-omnino
1520 2774 1944 2834 demonstrant.
1959 2776 2045 2835 Ne
2059 2796 2201 2856 pro-

116 2876 310 2947 pterea
361 2867 640 2947 ejusmodi
688 2868 957 2930 vaticinia
995 2867 1104 2929 alia
1138 2867 1210 2927 ab
1251 2867 1376 2927 aliis
1419 2889 1754 2950 separemus
1774 2914 1790 2945 ,
1833 2869 2166 2949 singillatim
2185 2914 2201 2943 ,

184 3083 254 3147 (l)
289 3083 405 3133 Satis
430 3095 525 3147 est,
553 3085 626 3134 vel
666 3086 825 3135 leviter
860 3101 1120 3151 percurrere
1187 3086 1334 3143 nobis
1354 3087 1592 3152 objicitur3
1612 3089 1779 3137 etenim
1797 3104 1897 3151 cap.
1922 3103 1971 3135 xi
2002 3088 2166 3152 legitur
2195 3107 2210 3138 ε

120 3162 260 3213 libros
281 3165 309 3213 J
314 3167 499 3215 udicum
516 3205 528 3227 ‚
552 3167 732 3231 Regum
751 3204 764 3227 ‚
792 3177 877 3216 etc.
901 3171 995 3216 imo
1013 3170 1119 3216 uni·
1200 3167 1447 3233 Scriptum
1471 3175 1540 3214 est
1568 3188 1583 3214 .-
1616 3167 1803 3232 Propter
1835 3186 2009 3217 nomen
2049 3186 2208 3220 meum

124 3261 296 3294 versam
328 3247 563 3296 historiam
595 3249 821 3297 hebraicae
855 3252 997 3313 gentis
1017 3286 1030 3308 ‚
1071 3259 1121 3296 ut
1200 3250 1388 3298 faciam.
1423 3248 1569 3298 Dicit
1595 3248 1754 3297 Rabbi
1781 3248 2062 3298 Alexander
2095 3269 2108 3299 :
2140 3253 2204 3301 R.

128 3325 266 3374 oculis
285 3328 423 3376 veluti
452 3331 559 3393 ipsis
583 3329 822 3394 peculiaris
844 3330 942 3378 haec
966 3331 1120 3379 divina
1202 3328 1313 3377 Jose
1331 3330 1420 3377 beu
1445 3327 1563 3377 Levi
1583 3329 1750 3395 objecit
1778 3350 1793 3376 .·
1822 3329 2067 3395 Scriptum
2096 3339 2164 3378 est
2192 3347 2206 3378 ε

126 3408 404 3469 providentia
433 3412 747 3475 conspiciatur.
1200 3410 1254 3458 In
1268 3421 1469 3476 tempore
1492 3427 1574 3458 suo
1589 3445 1604 3470 ,
1623 3419 1668 3459 et
1688 3412 1918 3477 scriptum
1942 3420 2010 3459 est
2030 3429 2044 3459 τ
2068 3411 2213 3460 Acce-

197 3484 263 3548 (3)
296 3486 389 3537 Nec
404 3491 734 3551 omittendum,
754 3495 804 3539 in
819 3492 979 3540 eadem
995 3491 1118 3541 Ghe-
1199 3491 1387 3554 lerab03
1418 3492 1465 3538 si
1476 3491 1637 3538 meriti
1660 3491 1878 3555 suerint,
1909 3491 2206 3555 accelerab03

130 3568 254 3614 mara
275 3566 550 3634 Babylonica
575 3573 708 3622 aliam
733 3573 1023 3622 traditionem
1046 3591 1119 3622 re·
1200 3573 1246 3619 si
1270 3589 1366 3621 uon
1391 3573 1554 3620 mer-iti
1572 3572 1788 3637 fuerint,'
1808 3576 1859 3621 in
1882 3584 2085 3637 tempore
2107 3589 2206 3622 suo.

131 3646 264 3707 ferri,
290 3666 388 3714 quae
412 3656 599 3702 omnino
618 3655 883 3704 contradicit
901 3654 996 3717 illi,
1021 3672 1120 3722 quae
1204 3652 1298 3703 Cfr.
1324 3654 1447 3720 apud
1485 3653 1666 3720 Ugolini
1693 3665 1804 3705 tom.
1820 3661 1937 3716 xxv',
1969 3671 2068 3720 pag.
2096 3651 2210 3722 966.

291 3742 352 3798 Τ.
403 3744 493 3802 IV.
1943 3745 1978 3804 3
