2534 4088
213 210 251 265 ἶ).
870 228 1062 266 TnAcr.
1113 228 1179 262 nn
1226 227 1656 266 moARNA'rioNE.

216 372 534 453 epocham,
579 369 775 428 munia
827 379 883 426 et
925 366 1144 440 officia,
1198 367 1273 426 ad
1315 391 1629 450 personam
1678 371 1934 453 denique
1972 374 2031 431 in
2077 397 2186 457 qua
2219 377 2338 438 haec

217 469 411 526 onmia
445 467 718 526 effectum
753 462 954 522 sortita
996 483 1118 521 esse
1157 465 1615 546 conspiciuntur.
1646 467 1730 526 De
1758 467 1998 547 singulis
2030 483 2336 553 propterea

215 563 460 623 totidem
488 560 774 644 capitibus
808 579 880 618 ex
909 557 1115 617 ordine
1143 579 1396 638 agemus

1103 735 1352 795 CAPUT
1406 739 1450 793 Ι.

616 882 684 918 DE
729 879 939 917 MESSIAE
983 879 1350 918 PROMISSIONE
1394 881 1462 916 ΕΤ
1506 880 1941 922 EXPECTATIONE.

300 1012 357 1071 5.
407 1008 642 1092 Duplex
713 1006 1089 1087 distinguitur
1151 1028 1312 1066 error
1371 1006 1518 1066 circa
1570 1007 1729 1067 hunc
1784 1007 2133 1086 articulum,
2202 1034 2339 1095 quo·

211 1130 343 1169 rum
377 1105 525 1165 alter
554 1126 755 1165 eorum
786 1114 873 1163 est
899 1149 914 1178 ,
955 1103 1055 1184 qui
1091 1113 1310 1182 negant
1348 1124 1612 1185 unquam
1646 1103 1820 1163 fuisse
1850 1126 1881 1163 a
1918 1107 2039 1164 Deo
2069 1107 2338 1168 Messiam

208 1197 563 1288 promissum
599 1211 773 1282 atque
811 1196 884 1257 ab
915 1195 1172 1257 Hebraeis
1202 1208 1612 1280 expectatum3
1639 1197 1787 1258 alter
1817 1221 1956 1259 vero
1991 1211 2078 1259 est
2110 1223 2335 1278 eorum,

211 1301 311 1382 qui
331 1346 348 1376 ,
379 1310 627 1379 utroque
658 1295 795 1353 dato
825 1339 841 1369 ,
875 1305 1007 1352 tum
1034 1292 1250 1353 scilicet
1297 1293 1517 1353 Messiae
1556 1295 1940 1377 promissione
1979 1308 2108 1356 tum
2135 1320 2342 1381 expec-

210 1397 460 1467 tatione,
492 1391 601 1451 sub
635 1390 858 1452 Messiae
888 1401 1089 1449 tamen
1117 1389 1360 1449 nomine
1391 1410 1513 1448 non
1554 1386 1907 1473 peculiarem
1950 1414 2014 1452 ac
2058 1392 2341 1454 determi-

213 1501 415 1549 natam
450 1508 797 1571 personam,
830 1484 934 1545 sed
967 1483 1292 1567 quemlibet
1324 1485 1711 1566 temporalem
1741 1484 2118 1548 liberatorem
2151 1488 2341 1569 desig-

214 1587 342 1645 nari
390 1593 720 1644 autumant.
763 1581 929 1641 Prius
980 1579 1293 1639 adstruunt
1340 1579 1425 1639 illi
1474 1603 1676 1644 omnes
1719 1603 1788 1642 ex
1845 1584 2154 1644 Germania
2196 1605 2342 1667 prae-

210 1682 413 1741 sertim
439 1678 529 1761 (l)
558 1724 572 1753 ,
604 1677 704 1761 qui
730 1676 1005 1760 nuspiam
1032 1676 1095 1734 in
1135 1675 1319 1735 Sacris
1345 1676 1577 1737 Litteris
1603 1724 1619 1751 ,
1659 1676 1846 1738 multo
1881 1701 2022 1741 vero
2057 1680 2251 1739 minus
2279 1680 2338 1739 in

285 1845 358 1911 (l)
395 1844 502 1893 Jam
544 1842 632 1893 sub
676 1842 820 1891 finem
863 1841 1007 1890 seculi
1049 1839 1239 1906 elapsi,

216 1945 308 1995 quo
361 1927 496 1990 longe
534 1925 720 1992 lateque
769 1934 935 1972 cuncta
985 1922 1240 1971 innovandi

214 2009 390 2075 cupido
408 2018 453 2058 et
466 2018 660 2074 receptae
678 2006 787 2055 fidei
803 2005 1106 2054 fundamenta
1121 2022 1242 2054 ever·

218 2092 345 2141 tendi
381 2091 513 2139 suror
546 2093 597 2138 in
632 2087 882 2138 Germania
917 2090 1099 2137 animos
1130 2086 1241 2136 Pro·

219 2175 485 2222 testantium
533 2174 759 2221 invaserat
807 2187 862 2219 ac
904 2169 1104 2219 diffundi
1150 2187 1245 2218 coe·

220 2265 381 2321 perat,
417 2255 507 2304 hoc
528 2263 846 2304 commentum
873 2263 1024 2302 ortum
1050 2249 1240 2314 habuit,

219 2340 488 2403 opinionem
532 2338 705 2386 scilicet
744 2336 802 2385 de
842 2345 1037 2385 venturo
1078 2334 1243 2384 Messia

222 2437 320 2469 non
361 2419 580 2469 incidisse
613 2418 820 2467 Hebraeis
849 2427 957 2467 ante
983 2416 1242 2481 Davidem'3

224 2513 325 2551 tum
354 2519 462 2551 vero
494 2501 582 2550 sub
611 2502 704 2549 hoc
734 2498 1083 2549 bellicosissimo
1111 2517 1242 2563 rege,

222 2602 330 2634 cum
368 2602 529 2633 eorum
570 2599 745 2632 nomen
781 2593 826 2631 et
864 2583 1069 2647 potentia
1110 2580 1246 2630 valde

228 2668 538 2726 excrevisset,
569 2668 619 2713 in
648 2682 775 2731 spem
805 2683 880 2714 eos
908 2665 1087 2714 venisse
1104 2697 1119 2727 ,
1147 2664 1246 2713 fore

225 2759 279 2797 ut
306 2749 447 2796 totius
471 2752 697 2796 terrarum
725 2747 850 2796 orbis
876 2748 1137 2813 potirentur
1154 2747 1245 2794 im-

225 2833 353 2896 perio
374 2846 389 2893 3
415 2840 557 2897 atque
577 2847 653 2879 eos
679 2829 809 2878 hunc
833 2847 987 2895 regem
1009 2866 1022 2890 ,
1048 2828 1134 2877 sub
1153 2841 1246 2895 quo

225 2911 348 2961 istud
381 2911 591 2960 futurum
617 2922 762 2971 esset,
791 2930 928 2960 suum
961 2911 1049 2960 sibi
1077 2913 1248 2960 consti·

229 2996 369 3043 tuisse
390 2993 639 3057 Messiam,
665 2994 761 3043 solo
779 2996 1120 3059 imaginationis
1137 3004 1248 3042 aestu

229 3076 410 3126 ductos.
430 3076 622 3143 Scripsit
639 3079 872 3143 integrum
890 3076 1064 3125 librum
1082 3077 1140 3126 de
1161 3077 1251 3125 hoc

233 3168 509 3223 argumento
555 3159 782 3208 Henricus
823 3158 1122 3224 Stephanus,
1169 3161 1251 3226 qui

231 3242 381 3289 editus
399 3251 467 3290 cst
493 3239 801 3306 Norimbergae
830 3260 953 3290 anno
979 3240 1125 3308 1787.
1151 3242 1252 3291 Imo

232 3340 284 3372 eo
304 3340 374 3371 res
395 3339 630 3387 progressa
653 3334 744 3381 est,
767 3333 818 3370 ut
839 3322 1044 3372 Harlemi
1064 3326 1114 3371 in
1136 3323 1253 3371 Hol-

232 3405 390 3453 landia
405 3406 591 3453 societas
622 3404 936 3469 theologorum
966 3422 1089 3454 anno
1126 3422 1251 3473 1792

237 3488 476 3550 praemium
516 3487 806 3551 proposuerit
840 3487 880 3536 ei
909 3523 922 3546 ‚
966 3488 1048 3553 qni
1087 3487 1256 3535 melius

235 3568 439 3616 solvisset
453 3568 691 3634 problema
705 3585 718 3615 ε
739 3566 791 3615 E
792 3576 986 3615 &temne
991 3567 1258 3634 prophetice

233 3651 288 3697 in
309 3645 372 3699 V
399 3646 464 3699 T.
483 3652 644 3716 ipsum
669 3649 917 3699 Christum
924 3652 1125 3718 proprie
1141 3668 1255 3700 con-

229 3741 487 3782 cernentes.
525 3731 755 3798 Scriptum
796 3750 931 3799 porro
981 3751 1120 3800 super
1159 3734 1248 3783 hoc

1323 1848 1593 1906 argumento
1610 1845 1818 1892 societati
1831 1844 2001 1893 obtulit
2021 1844 2160 1896 Joan.
2180 1846 2337 1913 Kony·

1322 1925 1552 1990 nemburg
1571 1962 1584 1984 ,
1620 1943 1714 1992 quo
1745 1929 1929 1991 negavit
1957 1928 2186 1993 ejusmodi
2217 1931 2338 1977 exis-

1324 2015 1419 2055 tere
1444 2006 1706 2072 prophetias
1722 2046 1736 2072 ,
1755 2025 1809 2057 ac
1826 2010 2071 2074 praemium
2092 2009 2214 2059 tulit.
2228 2009 2342 2059 Haec

1325 2096 1482 2140 autem
1497 2091 1763 2141 lucubratio
1782 2103 1934 2158 postea
1955 2096 2078 2160 typis
2103 2093 2224 2143 edita
2243 2105 2338 2159 est3

1324 2188 1526 2239 cumque
1570 2191 1672 2223 eam
1718 2177 2019 2224 recensuisset
2065 2175 2338 2238 Eichhorn,

1325 2251 1561 2304 Biblioth.
1601 2265 1715 2306 tom.
1753 2274 1846 2318 vn,
1891 2275 1996 2322 pag.
2041 2255 2166 2321 334,
2217 2275 2338 2324 prae-

1326 2339 1461 2387 missa
1505 2337 1709 2403 ejusdem
1751 2340 1941 2388 historia
1983 2349 2027 2388 et
2061 2329 2334 2400 occasione,

1326 2421 1485 2482 addit,
1514 2438 1613 2470 rem
1640 2422 1793 2483 hanc,
1815 2422 1872 2471 de
1897 2439 1988 2488 qua
2014 2424 2064 2469 in
2091 2420 2336 2469 Hellandia

1327 2503 1556 2570 ejusmodi
1594 2501 1791 2552 dubium
1837 2506 2077 2568 viguerat,
2111 2502 2244 2551 'nulla
2286 2505 2337 2551 in

1328 2585 1572 2635 Germania
1611 2588 1908 2635 excitaturam
1946 2585 2085 2633 fuisse
2121 2587 2336 2651 quaestio-

1327 2687 1471 2730 nem,
1515 2668 1574 2716 de
1616 2685 1708 2735 qua
1749 2667 1867 2715 nihil
1906 2668 2014 2714 novi
2049 2669 2147 2732 jam
2187 2677 2338 2732 posset

1329 2752 1452 2813 diei,
1489 2767 1591 2818 quae
1620 2747 1755 2816 plene
1785 2750 1988 2798 discussa
2018 2766 2199 2797 summa
2230 2766 2339 2797 cum

1328 2835 1543 2897 libertate
1559 2839 1654 2902 jam
1672 2852 1698 2883 a
1717 2834 2039 2900 quinquennio
2058 2831 2134 2879 bic
2150 2830 2340 2880 defensa

1332 2930 1467 2969 esset.
1488 2918 1586 2968 Cfr.
1603 2917 1735 2967 Joan.
1753 2915 1868 2982 Nep.
1892 2914 2049 2976 Alber‚
2066 2933 2090 2964 e
2106 2914 2216 2964 Sch.
2231 2915 2340 2976 Piis,

1330 2994 1553 3051 Institut.
1567 3001 1858 3050 hermonem.
1871 2996 2135 3064 Scripturae
2149 2996 2314 3045 Sacroe
2324 3032 2340 3057 ,

1305 3086 1505 3134 Pestini
1541 3084 1664 3153 1817
1694 3122 1707 3146 ,
1745 3093 1859 3132 tom.
1893 3098 1911 3129 1
1931 3118 1944 3141 ,
1981 3079 2310 3145 Prolegomena
2330 3117 2343 3139 ‚

1332 3186 1434 3234 pag.
1461 3165 1526 3231 4ο
1556 3177 1602 3217 et
1636 3184 1733 3234 seq.
1770 3164 1899 3213 Idem
1936 3162 2218 3229 paradoxum
2243 3198 2256 3222 ,
2290 3161 2347 3209 de

1334 3251 1635 3300 consolatrice
1663 3265 1742 3315 spe
1768 3255 1985 3311 concepta
2021 3263 2047 3292 a
2082 3243 2253 3291 Judaeis
2291 3242 2348 3291 de

1334 3333 1500 3383 Messia
1516 3330 1903 3399 subsequentibus
1918 3325 2221 3392 temporibuS,
2250 3325 2343 3390 jam

1334 3416 1515 3480 pridem
1535 3414 1740 3463 Voltaire
1762 3411 1992 3462 effutierat
2010 3411 2060 3458 in
2082 3424 2218 3473 opere
2236 3443 2250 3470 ,
2274 3409 2348 3455 cui

1339 3497 1497 3546 titulus
1534 3515 1548 3545 ε
1574 3497 1845 3561 Fraqmens
1874 3510 1961 3541 sur
1983 3491 2141 3539 divers
2173 3491 2344 3554 sujees,

1332 3595 1431 3646 pur
1454 3580 1590 3628 ordre
1622 3577 1983 3645 alphabeeique‚
2018 3583 2101 3622 art.
2131 3572 2345 3628 Messie,

1342 3679 1451 3727 opp.
1485 3658 1595 3711 edit.
1624 3662 1793 3711 Genev.
1837 3674 1961 3726 ¹777
1983 3695 1996 3719 ‚
2030 3666 2144 3705 tom.
2177 3668 2342 3702 xxvm.
