2534 4088
316 265 475 304 ran.
521 264 558 301 1.
606 261 726 300 cn.
770 262 832 298 11.
878 261 947 296 nn
991 258 1144 297 aroc.
1190 259 1256 295 m
1302 256 1475 294 ome.
1501 254 1661 293 raon.
1695 253 1924 291 mnssxffi.
2098 231 2172 289 57

76 429 210 468 rum
239 404 534 478 Jeremiae,
564 400 832 483 nuspiam
854 410 1055 458 tamen
1080 398 1323 478 legitur,
1349 396 1518 456 illum
1541 416 1731 455 orasse
1763 392 1839 453 ad
1867 393 2178 453 restitutio-

76 524 217 563 nem
239 497 618 560 obtinendam
634 518 702 556 eo
722 494 956 578 praecise
979 515 1133 552 anno
1148 536 1170 566 ,
1194 514 1370 574 quem
1397 493 1434 550 J
1436 492 1677 550 eremias
1701 488 2175 572 praesignaverat.

80 597 277 657 Oratio
315 598 432 672 ejus
466 602 731 654 versatur
759 591 904 649 circa
933 587 1171 671 populi,
1199 585 1360 645 urbis
1399 594 1460 643 et
1484 585 1689 667 templi
1716 583 2178 670 restitutionem,

79 690 239 750 nulla
267 687 546 769 temporis
567 684 775 745 alicubi
802 685 949 744 facta
982 683 1298 750 mentione.
1332 679 1511 759 Igitur
1536 678 1746 738 falsum
1771 688 1886 755 est,
1910 677 2183 760 quaestio-

79 803 224 845 nem
235 783 453 846 versari
474 780 837 841 solummodo
853 780 998 838 circa
1014 776 1359 838 exteriorem
1374 773 1807 832 restitutionem
1823 819 1839 848 ,
1862 795 1926 833 ac
1945 795 2185 855 respon-

79 879 302 938 sionem
327 898 452 937 esse
474 874 838 935 solummodo
865 874 938 933 de
966 870 1188 932 Messia.
1217 868 1417 928 Oratio
1437 868 1727 949 praecipue
1749 879 2013 927 versatur
2037 869 2185 928 circa

81 973 487 1034 remissionem
516 982 886 1052 peccatorum
911 963 1296 1025 obtinendam
1318 964 1400 1042 (v.
1423 963 1497 1021 19
1523 973 1583 1022 et
1608 961 1793 1043 seqq).
1825 964 2018 1035 Quum
2046 984 2185 1022 vero

80 1068 206 1128 haec
245 1066 578 1149 plenissime
606 1068 772 1142 juxta
812 1080 1014 1120 omnes
1054 1057 1369 1140 prophetas
1403 1077 1509 1139 per
1548 1057 1817 1115 Messiam
1858 1057 2187 1138 praestanda

83 1171 231 1223 esset
254 1206 270 1235 v
300 1162 362 1222 in
396 1159 493 1218 illa
535 1159 710 1238 igitur
736 1175 907 1237 prece
936 1158 1062 1232 jam
1107 1152 1515 1213 includebatur
1548 1152 1732 1210 oratio
1779 1174 1887 1233 pro
1928 1151 2189 1213 adventu

84 1255 305 1316 Messiae
342 1258 579 1333 ejusque
618 1250 796 1330 regni.
835 1248 1153 1330 Responsio
1185 1259 1382 1307 autem
1419 1248 1658 1329 insuper
1685 1247 1801 1326 agit
1830 1246 1903 1305 de
1932 1245 2150 1328 populo
2170 1292 2187 1322 .,

89 1349 244 1408 Urbe
272 1368 337 1407 ac
365 1345 584 1427 templo
601 1390 616 1419 ,
652 1366 782 1426 quae
812 1364 1072 1403 connexa
1098 1355 1266 1403 erant
1290 1364 1422 1402 cum
1449 1344 1576 1424 ipso
1600 1342 1807 1402 Messia
1835 1346 2074 1423 ejusque
2101 1343 2192 1401 fa-

86 1444 195 1516 tis,
225 1442 299 1500 de
342 1439 551 1522 quibus
593 1439 846 1519 Angelus
888 1450 1091 1520 postea
1134 1438 1383 1497 disserit.
1424 1439 1790 1520 Responsum
1826 1436 2004 1518 igitur
2034 1437 2190 1498 divi-

83 1558 246 1595 num¹
269 1537 488 1618 optime
530 1534 798 1615 congruit
839 1534 1034 1593 sensui
1077 1544 1137 1593 et
1178 1532 1425 1592 orationi
1467 1532 1723 1591 Danielis
1769 1533 1877 1612 (l).

166 1645 264 1704 97.
313 1645 380 1702 2⁰
405 1646 539 1703 Non
563 1642 812 1702 calculus
832 1640 1265 1722 chronologicus
1291 1627 1479 1701 eidem
1503 1642 1680 1702 favet.
1712 1642 1889 1716 Nam,
1918 1641 1967 1700 si
1995 1640 2192 1700 termi-

83 1761 192 1798 nus
218 1784 234 1814 ,
275 1762 315 1798 a
355 1761 469 1818 quo
513 1738 694 1798 fluere
730 1737 1019 1819 incipiunt
1062 1739 1212 1796 LXX
1260 1736 1513 1796 Danielis
1562 1736 1997 1811 liebdomadeS‚
2039 1737 2191 1795 sumi

84 1832 258 1893 debet
293 1856 326 1892 a
355 1833 585 1893 decreto
620 1832 1076 1892 reaedificationis
1098 1831 1259 1891 urbis
1290 1878 1305 1907 ‚
1339 1844 1407 1891 ut
1433 1843 1598 1912 patet
1620 1854 1689 1892 ex
1717 1830 2144 1912 Angeli‘verbis
2173 1875 2191 1904 .,

83 1928 175 1988 hic
208 1927 412 1987 incidit
453 1928 518 1986 in
543 1949 767 1986 annum
791 1928 943 1984 XXm
974 1927 1139 2006 regni
1170 1927 1498 1986 Artaxerxis
1522 1928 1864 2007 Longimani
1888 1927 1911 2005 (
1937 1926 2188 1986 Nehem.

84 2024 171 2095 11,
205 2024 235 2081 1
265 2035 324 2082 et
353 2024 551 2105 seqq).
584 2026 761 2082 Porro
787 2021 860 2082 ab
895 2043 1051 2081 anno
1086 2023 1216 2080 XX0
1267 2023 1598 2082 Artaxerxis
1619 2068 1635 2098 ,
1674 2020 2042 2082 numerando
2083 2043 2193 2080 an-

83 2138 190 2175 nos
238 2117 356 2175 483
385 2162 403 2192 a
441 2117 748 2176 incidimus
787 2117 851 2175 in
897 2138 1122 2176 annum
1174 2117 1295 2176 782
1329 2115 1501 2176 Urbis
1545 2117 1792 2177 conditae
1821 2162 1837 2192 ,
1881 2117 2003 2178 sive
2044 2117 2192 2174 XVm

86 2209 298 2269 Tiberii
318 2211 575 2287 Caesaris,
598 2210 660 2269 id
682 2223 769 2270 est
792 2211 867 2269 ad
891 2210 1185 2293 publicam
1210 2210 1426 2271 Christi
1450 2212 1877 2294 apparitionem
1895 2211 2057 2290 (Luc.
2086 2210 2190 2285 ΙΙΙ,

91 2305 121 2364 l
153 2315 213 2364 et
240 2306 444 2386 seqq.)
471 2350 487 2380 ,
510 2306 755 2387 ideoque
780 2306 950 2386 longe
974 2307 1304 2366 excedimus
1324 2328 1572 2387 regnum
1589 2307 1858 2367 Antiochi
1876 2305 2194 2389 Epiphanis

156 2563 228 2630 (1)
264 2564 388 2613 Jahn
402 2601 415 2624 ‚
432 2563 696 2631 Appendiae
710 2564 1095 2626 hermeneuticae‚

87 2647 198 2695 fasc.
224 2663 242 2694 1
259 2683 272 2706 ‚
296 2664 400 2710 pag.
429 2644 521 2694 125
543 2656 588 2694 et
602 2663 700 2711 seq.
726 2645 915 2693 Viennae
940 2642 1064 2694 1813
1079 2683 1093 2706 ‚

89 2729 326 2776 contendit
343 2735 444 2792 post
457 2727 624 2786 Datim,
643 2731 838 2775 minime
851 2727 1098 2790 legendum

91 2824 186 2858 esse
200 2812 418 2892 139qu
437 2799 657 2902 0⁹93?
676 2809 978 2875 septuaqinta
994 2807 1097 2856 heb·

91 2938 311 2988 demades
327 2977 340 3001 ,
366 2940 442 2987 sed
463 2927 681 3008 0992&
711 2939 965 3008 Ε’ῊΞΨ
992 2958 1098 3007 sep-

92 3070 311 3132 tuaqinta
342 3070 647 3134 septuaqinta
675 3070 824 3128 anni,
854 3079 942 3118 etc.
975 3089 1030 3120 ac
1060 3075 1096 3122 si

93 3147 294 3214 Angelus
315 3151 644 3199 vehementiori
670 3154 998 3201 asseveratione
1019 3171 1098 3202 co-

93 3229 317 3280 haerenter
345 3232 402 3279 ad
431 3232 624 3280 fervidas
646 3231 848 3281 Danielis
879 3251 1031 3298 preces
1055 3238 1097 3285 ei

95 3311 254 3359 dixerit
298 3330 312 3360 ε
366 3311 712 3378 Septraeaqinta,
757 3315 826 3362 ita
858 3332 1094 3381 prorsus,

94 3395 392 3458 septuaqinta
426 3397 550 3442 anni
585 3394 871 3459 dec-urrant,
906 3415 984 3446 seu
1017 3397 1099 3446 de·

88 3482 373 3538 properant,
404 3476 453 3523 id
481 3486 575 3536 est,
609 3487 800 3540 vergunt
822 3479 881 3526 ad
915 3479 1057 3528 finem
1081 3515 1097 3543 ‚

96 3564 183 3601 etc.
215 3554 393 3618 ellipsin
419 3558 545 3605 anni
572 3559 738 3616 U’JW
777 3576 830 3607 ex
870 3577 999 3609 versu
1036 3578 1099 3609 se-

656 3633 668 3645 ·
692 3630 721 3651 τ

95 3682 248 3731 cundo
283 3685 556 3751 supplendo.
582 3685 756 3736 Verum
790 3688 920 3754 plura
954 3700 1058 3738 sunt
1079 3726 1093 3752 ,

1181 2582 1284 2630 quae
1313 2565 1600 2614 arbitrariam
1619 2566 1742 2614 hanc
1767 2565 1926 2614 Jahnii
1951 2565 2196 2613 lectionem

1182 2657 1393 2696 evertunt
1419 2665 1432 2695 ε
1467 2658 1514 2695 1⁰
1540 2665 1700 2695 omnes
1721 2647 1901 2695 codices
1921 2683 1934 2705 ‚
1963 2646 2093 2694 nullo
2116 2663 2197 2694 ex·

1182 2739 1343 2794 cepto,
1385 2729 1543 2793 legunt
1586 2728 1809 2820 U’yfflq
1847 2726 2191 2792 hebdomades,

1181 2861 1277 2907 imo
1299 2859 1602 2908 Kennicotius
1620 2857 1840 2906 tredecim
1861 2867 2096 2918 recenset,
2117 2859 2198 2922 qui

1182 2941 1318 3006 plene
1332 2941 1506 2989 habent
1531 2929 1781 3033 U'yssmtj
1804 2982 1817 3004 ‚
1854 2939 2034 2987 Derossi
2057 2941 2199 3005 quin-

1185 3087 1278 3135 que
1305 3070 1415 3118 alios
1441 3070 1649 3129 addidit,
1679 3072 1760 3136 qui
1786 3072 2011 3134 integram
2037 3069 2198 3117 lectio-

1183 3170 1289 3201 nem
1328 3154 1563 3215 retinent3
1603 3153 1689 3200 cfr.
1723 3151 1792 3199 De
1822 3151 1985 3209 Bossi,
2024 3148 2082 3198 V
2078 3151 2201 3198 ariae

1183 3233 1400 3282 lectiones
1440 3231 1502 3281 V.
1547 3233 1613 3282 T.
1661 3233 1756 3281 vol.
1801 3248 1879 3293 lv,
1916 3251 2022 3298 pag.
2069 3230 2197 3295 145,

1183 3315 1356 3364 Parmae
1378 3332 1393 3362 1
1406 3313 1527 3380 7883
1543 3323 1596 3362 2⁰
1612 3325 1780 3363 veteres
1794 3332 1953 3363 omnes
1967 3316 2200 3362 versiones

1183 3399 1233 3444 in
1285 3397 1443 3445 eadem
1491 3397 1689 3445 lectione
1740 3398 2067 3458 consentiunt3
2108 3395 2194 3441 cfr.

1185 3477 1310 3527 Bibl.
1357 3477 1690 3537 Wahoniaua,
1742 3479 1792 3525 in
1834 3477 1962 3525 hunc
1995 3476 2195 3537 locum3

1186 3559 1238 3606 3⁰
1255 3562 1536 3626 antiquiores
1554 3559 1737 3608 Hebraei
1755 3575 1884 3626 aeque
1905 3575 1958 3606 ac
1973 3559 2200 3606 recentio-

1183 3660 1253 3692 res
1282 3643 1491 3692 eamdem
1522 3643 1766 3692 lectionem
1802 3648 1979 3688 tenent.
